{
  "consumer": {
    "name": "loblaw"
  },
  "provider": {
    "name": "user"
  },
  "messages": [
    {
      "description": "a user created message",
      "metaData": {
        "contentType": "application/json"
      },
      "contents": {
        "layout": {
          "typeId": "productListingPageLayout",
          "sections": {
            "productListingSection": {
              "components": {
                "components_0": {
                  "componentId": "productListingComponent",
                  "data": {
                    "adConfiguration1": {
                      "nav": "jf",
                      "forecasting": false,
                      "sizeList": {
                        "app": {
                          "app_1": {
                            "width": "728",
                            "type": "leaderboard",
                            "height": "90"
                          },
                          "app_0": {
                            "width": "320",
                            "type": "banner",
                            "height": "50"
                          }
                        },
                        "web": {
                          "tablet": {},
                          "desktop": {},
                          "mobile": {}
                        }
                      },
                      "slot": "/21915145997/loblaws-ca/27985/28000/28195",
                      "lazyLoad": false,
                      "lazyLoadingTriggerThreshold": 0,
                      "modalDetails": {},
                      "referrer": null,
                      "productCode": null,
                      "searchTerm": null,
                      "refreshTimer": 0,
                      "placementType": "plp",
                      "categoryList": "27985/28000/28195",
                      "position": "1",
                      "shoppingType": "OG",
                      "brand": null
                    },
                    "quickFilters": {
                      "quickFilters_2": {
                        "filterGroup": {
                          "code": "dietaryCallouts",
                          "values": {
                            "values_0": {
                              "code": "gluten_free",
                              "name": "Gluten Free",
                              "count": 1,
                              "disabled": null,
                              "selected": false
                            },
                            "values_1": {
                              "code": "organic",
                              "name": "Organic",
                              "count": 1,
                              "disabled": null,
                              "selected": false
                            }
                          },
                          "name": "Dietary & Lifestyle",
                          "multiSelect": true
                        },
                        "name": "Dietary",
                        "selected": false
                      },
                      "quickFilters_1": {
                        "filterGroup": {
                          "code": "promotions",
                          "values": {
                            "values_0": {
                              "code": "$1,$2,$3,$4,$5",
                              "name": "$1,$2,$3,$4,$5",
                              "count": 9,
                              "disabled": null,
                              "selected": false
                            },
                            "values_1": {
                              "code": "Price Reduction",
                              "name": "Price Reduction",
                              "count": 9,
                              "disabled": null,
                              "selected": false
                            },
                            "values_2": {
                              "code": "Multi-Buy",
                              "name": "Multi-Buy",
                              "count": 3,
                              "disabled": null,
                              "selected": false
                            }
                          },
                          "name": "Deals",
                          "multiSelect": true
                        },
                        "name": "Deals",
                        "selected": false
                      },
                      "quickFilters_0": {
                        "filterGroup": {
                          "code": "productBrand",
                          "values": {
                            "values_0": {
                              "code": "N",
                              "name": "No Name",
                              "count": 1,
                              "disabled": null,
                              "selected": false
                            },
                            "values_3": {
                              "code": "P",
                              "name": "President's Choice",
                              "count": 17,
                              "disabled": null,
                              "selected": false
                            },
                            "values_1": {
                              "code": "PO",
                              "name": "PC Organics",
                              "count": 32,
                              "disabled": null,
                              "selected": false
                            },
                            "values_2": {
                              "code": "FM",
                              "name": "Farmer's Market",
                              "count": 16,
                              "disabled": null,
                              "selected": false
                            }
                          },
                          "name": "Brand",
                          "multiSelect": true
                        },
                        "name": "Our Brands",
                        "selected": false
                      }
                    },
                    "adConfiguration2": {
                      "nav": "jf",
                      "forecasting": false,
                      "sizeList": {
                        "web": {
                          "tablet": {},
                          "desktop": {},
                          "mobile": {}
                        }
                      },
                      "slot": "/21915145997/loblaws-ca/27985/28000/28195",
                      "lazyLoad": false,
                      "lazyLoadingTriggerThreshold": 0,
                      "modalDetails": {},
                      "referrer": null,
                      "productCode": null,
                      "searchTerm": null,
                      "refreshTimer": 0,
                      "placementType": "plp",
                      "categoryList": "27985/28000/28195",
                      "position": "CPT",
                      "shoppingType": "OG",
                      "brand": null
                    },
                    "productGrid": {
                      "pagination": {
                        "totalResults": 197,
                        "pageNumber": 1,
                        "hasMore": true,
                        "pageSize": 48
                      },
                      "productTiles": {
                        "productTiles_41": {
                          "deal": null,
                          "link": "/organic-rainbow-carrots/p/20908098001_EA",
                          "description": null,
                          "title": "Organic Rainbow Carrots",
                          "pcoDeal": null,
                          "offerType": "OG",
                          "uom": "EA",
                          "sponsoredCreative": null,
                          "productImage": {
                            "productImage_0": {
                              "smallUrl": "https://assets.shop.loblaws.ca/products/20908098001/b1/en/front/20908098001_front_a01_@2.png",
                              "smallRetinaUrl": "https://assets.shop.loblaws.ca/products/20908098001/b1/en/front/20908098001_front_a01_@2.png",
                              "mediumUrl": "https://assets.shop.loblaws.ca/products/20908098001/b3/en/front/20908098001_front_a06_@2.png",
                              "largeRetinaUrl": "https://assets.shop.loblaws.ca/products/20908098001/b2/en/front/20908098001_front_a06_@2.png",
                              "imageUrl": "https://assets.shop.loblaws.ca/products/20908098001/b2/en/front/20908098001_front_a06_@2.png",
                              "largeUrl": "https://assets.shop.loblaws.ca/products/20908098001/b2/en/front/20908098001_front_a06_@2.png",
                              "mediumRetinaUrl": "https://assets.shop.loblaws.ca/products/20908098001/b3/en/front/20908098001_front_a06_@2.png"
                            }
                          },
                          "articleNumber": "20908098001",
                          "variantTheme": null,
                          "action": null,
                          "pricingUnits": {
                            "unit": "ea",
                            "interval": 1,
                            "minOrderQuantity": 1,
                            "type": "SOLD_BY_EACH",
                            "weighted": false,
                            "maxOrderQuantity": 25
                          },
                          "isComplementarySponsored": false,
                          "brand": null,
                          "packageSizing": "1 ea, $5.99/1ea",
                          "mopDeal": null,
                          "productBadge": null,
                          "productId": "20908098001_EA",
                          "productVendor": null,
                          "textBadge": "",
                          "inventoryIndicator": null,
                          "complementarySponsoredBadgeText": null,
                          "isVariant": false,
                          "productVariant": null,
                          "offerId": "OG",
                          "pricing": {
                            "wasPrice": null,
                            "mopDisplayPrice": null,
                            "displayPrice": "$5.99",
                            "price": "5.99",
                            "memberOnlyPrice": null
                          },
                          "isSponsored": false
                        },
                        "productTiles_20": {
                          "deal": null,
                          "link": "/colossal-garlic/p/20135581001_KG",
                          "description": "Garlic has a plump bulb (or head) of individual cloves each covered with a thin skin that can be peeled. Heads of garlic can be roasted whole and the individual cloves can be crushed, chopped, pressed, puréed, or sliced. Try eating fresh parsley after a meal containing garlic to help control odour.",
                          "title": "Colossal Garlic",
                          "pcoDeal": null,
                          "offerType": "OG",
                          "uom": "KG",
                          "sponsoredCreative": null,
                          "productImage": {
                            "productImage_0": {
                              "smallUrl": "https://assets.shop.loblaws.ca/products/20135581001/b1/en/front/20135581001_front_a01_@2.png",
                              "smallRetinaUrl": "https://assets.shop.loblaws.ca/products/20135581001/b1/en/front/20135581001_front_a01_@2.png",
                              "mediumUrl": "https://assets.shop.loblaws.ca/products/20135581001/b3/en/front/20135581001_front_a06_@2.png",
                              "largeRetinaUrl": "https://assets.shop.loblaws.ca/products/20135581001/b2/en/front/20135581001_front_a06_@2.png",
                              "imageUrl": "https://assets.shop.loblaws.ca/products/20135581001/b2/en/front/20135581001_front_a06_@2.png",
                              "largeUrl": "https://assets.shop.loblaws.ca/products/20135581001/b2/en/front/20135581001_front_a06_@2.png",
                              "mediumRetinaUrl": "https://assets.shop.loblaws.ca/products/20135581001/b3/en/front/20135581001_front_a06_@2.png"
                            }
                          },
                          "articleNumber": "20135581001",
                          "variantTheme": null,
                          "action": null,
                          "pricingUnits": {
                            "unit": "ea",
                            "interval": 1,
                            "minOrderQuantity": 1,
                            "type": "SOLD_BY_EACH_PRICED_BY_WEIGHT",
                            "weighted": false,
                            "maxOrderQuantity": 25
                          },
                          "isComplementarySponsored": false,
                          "brand": null,
                          "packageSizing": "$13.21/1kg $5.99/1lb",
                          "mopDeal": null,
                          "productBadge": null,
                          "productId": "20135581001_KG",
                          "productVendor": null,
                          "textBadge": "",
                          "inventoryIndicator": null,
                          "complementarySponsoredBadgeText": null,
                          "isVariant": false,
                          "productVariant": null,
                          "offerId": "OG",
                          "pricing": {
                            "wasPrice": null,
                            "mopDisplayPrice": null,
                            "displayPrice": "about $1.32",
                            "price": "1.32",
                            "memberOnlyPrice": null
                          },
                          "isSponsored": false
                        },
                        "productTiles_42": {
                          "deal": null,
                          "link": "/organic-english-cucumber/p/20080489001_EA",
                          "description": "English (or hothouse) cucumbers are cylindrical green-skinned fruit with a crisp white flesh and edible seeds. English cucumbers are typically enjoyed raw and can be peeled or eaten with the skin on. Add sliced cucumber to your next vegetable platter or toss with mint and lemon juice for a refreshing salad.",
                          "title": "Organic English Cucumber",
                          "pcoDeal": null,
                          "offerType": "OG",
                          "uom": "EA",
                          "sponsoredCreative": null,
                          "productImage": {
                            "productImage_0": {
                              "smallUrl": "https://assets.shop.loblaws.ca/products/20080489001/b1/en/front/20080489001_front_a01_@2.png",
                              "smallRetinaUrl": "https://assets.shop.loblaws.ca/products/20080489001/b1/en/front/20080489001_front_a01_@2.png",
                              "mediumUrl": "https://assets.shop.loblaws.ca/products/20080489001/b3/en/front/20080489001_front_a06_@2.png",
                              "largeRetinaUrl": "https://assets.shop.loblaws.ca/products/20080489001/b2/en/front/20080489001_front_a06_@2.png",
                              "imageUrl": "https://assets.shop.loblaws.ca/products/20080489001/b2/en/front/20080489001_front_a06_@2.png",
                              "largeUrl": "https://assets.shop.loblaws.ca/products/20080489001/b2/en/front/20080489001_front_a06_@2.png",
                              "mediumRetinaUrl": "https://assets.shop.loblaws.ca/products/20080489001/b3/en/front/20080489001_front_a06_@2.png"
                            }
                          },
                          "articleNumber": "20080489001",
                          "variantTheme": null,
                          "action": null,
                          "pricingUnits": {
                            "unit": "ea",
                            "interval": 1,
                            "minOrderQuantity": 1,
                            "type": "SOLD_BY_EACH",
                            "weighted": false,
                            "maxOrderQuantity": 25
                          },
                          "isComplementarySponsored": false,
                          "brand": null,
                          "packageSizing": "1 ea, $2.99/1ea",
                          "mopDeal": null,
                          "productBadge": null,
                          "productId": "20080489001_EA",
                          "productVendor": null,
                          "textBadge": "",
                          "inventoryIndicator": null,
                          "complementarySponsoredBadgeText": null,
                          "isVariant": false,
                          "productVariant": null,
                          "offerId": "OG",
                          "pricing": {
                            "wasPrice": null,
                            "mopDisplayPrice": null,
                            "displayPrice": "$2.99",
                            "price": "2.99",
                            "memberOnlyPrice": null
                          },
                          "isSponsored": false
                        },
                        "productTiles_40": {
                          "deal": null,
                          "link": "/organic-beet-bunch/p/21095252001_EA",
                          "description": null,
                          "title": "Organic Beet Bunch",
                          "pcoDeal": null,
                          "offerType": "OG",
                          "uom": "EA",
                          "sponsoredCreative": null,
                          "productImage": {
                            "productImage_0": {
                              "smallUrl": "https://assets.shop.loblaws.ca/products/21095252001/b1/en/front/21095252001_front_a01_@2.png",
                              "smallRetinaUrl": "https://assets.shop.loblaws.ca/products/21095252001/b1/en/front/21095252001_front_a01_@2.png",
                              "mediumUrl": "https://assets.shop.loblaws.ca/products/21095252001/b3/en/front/21095252001_front_a06_@2.png",
                              "largeRetinaUrl": "https://assets.shop.loblaws.ca/products/21095252001/b2/en/front/21095252001_front_a06_@2.png",
                              "imageUrl": "https://assets.shop.loblaws.ca/products/21095252001/b2/en/front/21095252001_front_a06_@2.png",
                              "largeUrl": "https://assets.shop.loblaws.ca/products/21095252001/b2/en/front/21095252001_front_a06_@2.png",
                              "mediumRetinaUrl": "https://assets.shop.loblaws.ca/products/21095252001/b3/en/front/21095252001_front_a06_@2.png"
                            }
                          },
                          "articleNumber": "21095252001",
                          "variantTheme": null,
                          "action": null,
                          "pricingUnits": {
                            "unit": "ea",
                            "interval": 1,
                            "minOrderQuantity": 1,
                            "type": "SOLD_BY_EACH",
                            "weighted": false,
                            "maxOrderQuantity": 25
                          },
                          "isComplementarySponsored": false,
                          "brand": null,
                          "packageSizing": "699 g, $0.86/100g",
                          "mopDeal": null,
                          "productBadge": null,
                          "productId": "21095252001_EA",
                          "productVendor": null,
                          "textBadge": "",
                          "inventoryIndicator": null,
                          "complementarySponsoredBadgeText": null,
                          "isVariant": false,
                          "productVariant": null,
                          "offerId": "OG",
                          "pricing": {
                            "wasPrice": null,
                            "mopDisplayPrice": null,
                            "displayPrice": "$5.99",
                            "price": "5.99",
                            "memberOnlyPrice": null
                          },
                          "isSponsored": false
                        },
                        "productTiles_27": {
                          "deal": null,
                          "link": "/romaine-lettuce/p/20065036001_EA",
                          "description": "Romaine (or Cos) lettuce has dark green, tightly bunched leaves with crunchy white ribs. It has a slightly bitter flavour and can be used fresh or cooked. Use romaine lettuce to make a classic Caesar salad or as a topping for burgers and sandwiches.",
                          "title": "Romaine Lettuce",
                          "pcoDeal": null,
                          "offerType": "OG",
                          "uom": "EA",
                          "sponsoredCreative": null,
                          "productImage": {
                            "productImage_0": {
                              "smallUrl": "https://assets.shop.loblaws.ca/products/20065036001/b1/en/front/20065036001_front_a01_@2.png",
                              "smallRetinaUrl": "https://assets.shop.loblaws.ca/products/20065036001/b1/en/front/20065036001_front_a01_@2.png",
                              "mediumUrl": "https://assets.shop.loblaws.ca/products/20065036001/b3/en/front/20065036001_front_a06_@2.png",
                              "largeRetinaUrl": "https://assets.shop.loblaws.ca/products/20065036001/b2/en/front/20065036001_front_a06_@2.png",
                              "imageUrl": "https://assets.shop.loblaws.ca/products/20065036001/b2/en/front/20065036001_front_a06_@2.png",
                              "largeUrl": "https://assets.shop.loblaws.ca/products/20065036001/b2/en/front/20065036001_front_a06_@2.png",
                              "mediumRetinaUrl": "https://assets.shop.loblaws.ca/products/20065036001/b3/en/front/20065036001_front_a06_@2.png"
                            }
                          },
                          "articleNumber": "20065036001",
                          "variantTheme": null,
                          "action": null,
                          "pricingUnits": {
                            "unit": "ea",
                            "interval": 1,
                            "minOrderQuantity": 1,
                            "type": "SOLD_BY_EACH",
                            "weighted": false,
                            "maxOrderQuantity": 25
                          },
                          "isComplementarySponsored": false,
                          "brand": null,
                          "packageSizing": "1 ea, $4.99/1ea",
                          "mopDeal": null,
                          "productBadge": null,
                          "productId": "20065036001_EA",
                          "productVendor": null,
                          "textBadge": "",
                          "inventoryIndicator": null,
                          "complementarySponsoredBadgeText": null,
                          "isVariant": false,
                          "productVariant": null,
                          "offerId": "OG",
                          "pricing": {
                            "wasPrice": null,
                            "mopDisplayPrice": null,
                            "displayPrice": "$4.99",
                            "price": "4.99",
                            "memberOnlyPrice": null
                          },
                          "isSponsored": false
                        },
                        "productTiles_28": {
                          "deal": null,
                          "link": "/white-mushrooms/p/21021499_EA",
                          "description": null,
                          "title": "White Mushrooms",
                          "pcoDeal": null,
                          "offerType": "OG",
                          "uom": "EA",
                          "sponsoredCreative": null,
                          "productImage": {
                            "productImage_0": {
                              "smallUrl": "https://assets.shop.loblaws.ca/products/21021499/b1/en/front/21021499_front_a01_@2.png",
                              "smallRetinaUrl": "https://assets.shop.loblaws.ca/products/21021499/b1/en/front/21021499_front_a01_@2.png",
                              "mediumUrl": "https://assets.shop.loblaws.ca/products/21021499/b3/en/front/21021499_front_a06_@2.png",
                              "largeRetinaUrl": "https://assets.shop.loblaws.ca/products/21021499/b2/en/front/21021499_front_a06_@2.png",
                              "imageUrl": "https://assets.shop.loblaws.ca/products/21021499/b2/en/front/21021499_front_a06_@2.png",
                              "largeUrl": "https://assets.shop.loblaws.ca/products/21021499/b2/en/front/21021499_front_a06_@2.png",
                              "mediumRetinaUrl": "https://assets.shop.loblaws.ca/products/21021499/b3/en/front/21021499_front_a06_@2.png"
                            }
                          },
                          "articleNumber": "21021499",
                          "variantTheme": null,
                          "action": null,
                          "pricingUnits": {
                            "unit": "ea",
                            "interval": 1,
                            "minOrderQuantity": 1,
                            "type": "SOLD_BY_EACH",
                            "weighted": false,
                            "maxOrderQuantity": 25
                          },
                          "isComplementarySponsored": false,
                          "brand": "PC Organics",
                          "packageSizing": "227 g, $1.32/100g",
                          "mopDeal": null,
                          "productBadge": null,
                          "productId": "21021499_EA",
                          "productVendor": null,
                          "textBadge": "out-of-stock",
                          "inventoryIndicator": {
                            "indicatorId": "OUT",
                            "text": "Out of Stock"
                          },
                          "complementarySponsoredBadgeText": null,
                          "isVariant": false,
                          "productVariant": null,
                          "offerId": "OG",
                          "pricing": {
                            "wasPrice": null,
                            "mopDisplayPrice": null,
                            "displayPrice": "$2.99",
                            "price": "2.99",
                            "memberOnlyPrice": null
                          },
                          "isSponsored": false
                        },
                        "productTiles_25": {
                          "deal": null,
                          "link": "/russet-potatoes-10lb-bag/p/20601020001_EA",
                          "description": "Baking (or russet) potatoes have a rough brown skin and a tender white flesh with a mild flavour. They are a popular variety of potato and a good choice for baking, mashing, and frying. Peel and boil russets for mashed potatoes, or bake whole and top with sour cream for a side dish for your steak or pork chops.",
                          "title": "Russet Potatoes 10lb Bag",
                          "pcoDeal": null,
                          "offerType": "OG",
                          "uom": "EA",
                          "sponsoredCreative": null,
                          "productImage": {
                            "productImage_0": {
                              "smallUrl": "https://assets.shop.loblaws.ca/products/20601020001/b1/en/front/20601020001_front_a01_@2.png",
                              "smallRetinaUrl": "https://assets.shop.loblaws.ca/products/20601020001/b1/en/front/20601020001_front_a01_@2.png",
                              "mediumUrl": "https://assets.shop.loblaws.ca/products/20601020001/b3/en/front/20601020001_front_a06_@2.png",
                              "largeRetinaUrl": "https://assets.shop.loblaws.ca/products/20601020001/b2/en/front/20601020001_front_a06_@2.png",
                              "imageUrl": "https://assets.shop.loblaws.ca/products/20601020001/b2/en/front/20601020001_front_a06_@2.png",
                              "largeUrl": "https://assets.shop.loblaws.ca/products/20601020001/b2/en/front/20601020001_front_a06_@2.png",
                              "mediumRetinaUrl": "https://assets.shop.loblaws.ca/products/20601020001/b3/en/front/20601020001_front_a06_@2.png"
                            }
                          },
                          "articleNumber": "20601020001",
                          "variantTheme": null,
                          "action": null,
                          "pricingUnits": {
                            "unit": "ea",
                            "interval": 1,
                            "minOrderQuantity": 1,
                            "type": "SOLD_BY_EACH",
                            "weighted": false,
                            "maxOrderQuantity": 25
                          },
                          "isComplementarySponsored": false,
                          "brand": "Farmer's Market",
                          "packageSizing": "10 lb bag, $0.13/100g",
                          "mopDeal": null,
                          "productBadge": null,
                          "productId": "20601020001_EA",
                          "productVendor": null,
                          "textBadge": "",
                          "inventoryIndicator": null,
                          "complementarySponsoredBadgeText": null,
                          "isVariant": false,
                          "productVariant": null,
                          "offerId": "OG",
                          "pricing": {
                            "wasPrice": null,
                            "mopDisplayPrice": null,
                            "displayPrice": "$5.99",
                            "price": "5.99",
                            "memberOnlyPrice": null
                          },
                          "isSponsored": false
                        },
                        "productTiles_26": {
                          "deal": null,
                          "link": "/green-cabbage/p/20793034001_KG",
                          "description": "Cabbages are cruciferous vegetables that range in size, shape, and colour. Green cabbage heads have tightly wrapped leaves with a mild, spicy flavour that can be eaten raw or cooked. Shred cabbage for salad or slaw, or cut into wedges and roast with olive oil and lemon.",
                          "title": "Green Cabbage",
                          "pcoDeal": null,
                          "offerType": "OG",
                          "uom": "KG",
                          "sponsoredCreative": null,
                          "productImage": {
                            "productImage_0": {
                              "smallUrl": "https://assets.shop.loblaws.ca/products/20793034001/b1/en/front/20793034001_front_a01_@2.png",
                              "smallRetinaUrl": "https://assets.shop.loblaws.ca/products/20793034001/b1/en/front/20793034001_front_a01_@2.png",
                              "mediumUrl": "https://assets.shop.loblaws.ca/products/20793034001/b3/en/front/20793034001_front_a06_@2.png",
                              "largeRetinaUrl": "https://assets.shop.loblaws.ca/products/20793034001/b2/en/front/20793034001_front_a06_@2.png",
                              "imageUrl": "https://assets.shop.loblaws.ca/products/20793034001/b2/en/front/20793034001_front_a06_@2.png",
                              "largeUrl": "https://assets.shop.loblaws.ca/products/20793034001/b2/en/front/20793034001_front_a06_@2.png",
                              "mediumRetinaUrl": "https://assets.shop.loblaws.ca/products/20793034001/b3/en/front/20793034001_front_a06_@2.png"
                            }
                          },
                          "articleNumber": "20793034001",
                          "variantTheme": null,
                          "action": null,
                          "pricingUnits": {
                            "unit": "ea",
                            "interval": 1,
                            "minOrderQuantity": 1,
                            "type": "SOLD_BY_EACH_PRICED_BY_WEIGHT",
                            "weighted": false,
                            "maxOrderQuantity": 25
                          },
                          "isComplementarySponsored": false,
                          "brand": null,
                          "packageSizing": "$2.84/1kg $1.29/1lb",
                          "mopDeal": null,
                          "productBadge": null,
                          "productId": "20793034001_KG",
                          "productVendor": null,
                          "textBadge": "",
                          "inventoryIndicator": null,
                          "complementarySponsoredBadgeText": null,
                          "isVariant": false,
                          "productVariant": null,
                          "offerId": "OG",
                          "pricing": {
                            "wasPrice": null,
                            "mopDisplayPrice": null,
                            "displayPrice": "about $4.77",
                            "price": "4.77",
                            "memberOnlyPrice": null
                          },
                          "isSponsored": false
                        },
                        "productTiles_23": {
                          "deal": null,
                          "link": "/mini-carrots/p/20117370001_EA",
                          "description": "Baby (or mini) carrots are harvested young and usually very tender and sweet. Because they are already peeled, baby carrots are a quick and easy snack for people of all ages. Enjoy baby carrots on their own, add them to your vegetable platter, or roast them with a little olive oil for an easy side dish.",
                          "title": "Mini Carrots",
                          "pcoDeal": null,
                          "offerType": "OG",
                          "uom": "EA",
                          "sponsoredCreative": null,
                          "productImage": {
                            "productImage_0": {
                              "smallUrl": "https://assets.shop.loblaws.ca/products/20117370001/b1/en/front/20117370001_front_a01_@2.png",
                              "smallRetinaUrl": "https://assets.shop.loblaws.ca/products/20117370001/b1/en/front/20117370001_front_a01_@2.png",
                              "mediumUrl": "https://assets.shop.loblaws.ca/products/20117370001/b3/en/front/20117370001_front_a06_@2.png",
                              "largeRetinaUrl": "https://assets.shop.loblaws.ca/products/20117370001/b2/en/front/20117370001_front_a06_@2.png",
                              "imageUrl": "https://assets.shop.loblaws.ca/products/20117370001/b2/en/front/20117370001_front_a06_@2.png",
                              "largeUrl": "https://assets.shop.loblaws.ca/products/20117370001/b2/en/front/20117370001_front_a06_@2.png",
                              "mediumRetinaUrl": "https://assets.shop.loblaws.ca/products/20117370001/b3/en/front/20117370001_front_a06_@2.png"
                            }
                          },
                          "articleNumber": "20117370001",
                          "variantTheme": null,
                          "action": null,
                          "pricingUnits": {
                            "unit": "ea",
                            "interval": 1,
                            "minOrderQuantity": 1,
                            "type": "SOLD_BY_EACH",
                            "weighted": false,
                            "maxOrderQuantity": 25
                          },
                          "isComplementarySponsored": false,
                          "brand": "Farmer's Market",
                          "packageSizing": "340 g, $1.03/100g",
                          "mopDeal": null,
                          "productBadge": null,
                          "productId": "20117370001_EA",
                          "productVendor": null,
                          "textBadge": "",
                          "inventoryIndicator": null,
                          "complementarySponsoredBadgeText": null,
                          "isVariant": false,
                          "productVariant": null,
                          "offerId": "OG",
                          "pricing": {
                            "wasPrice": null,
                            "mopDisplayPrice": null,
                            "displayPrice": "$3.49",
                            "price": "3.49",
                            "memberOnlyPrice": null
                          },
                          "isSponsored": false
                        },
                        "productTiles_45": {
                          "deal": null,
                          "link": "/organic-sweet-potatoes-3lb-bag/p/20639082001_EA",
                          "description": "Source of fibre. Excellent source of Vitamin A",
                          "title": "Organic Sweet Potatoes 3lb Bag",
                          "pcoDeal": null,
                          "offerType": "OG",
                          "uom": "EA",
                          "sponsoredCreative": null,
                          "productImage": {
                            "productImage_0": {
                              "smallUrl": "https://assets.shop.loblaws.ca/products/20639082001/b1/en/front/20639082001_front_a01_@2.png",
                              "smallRetinaUrl": "https://assets.shop.loblaws.ca/products/20639082001/b1/en/front/20639082001_front_a01_@2.png",
                              "mediumUrl": "https://assets.shop.loblaws.ca/products/20639082001/b3/en/front/20639082001_front_a06_@2.png",
                              "largeRetinaUrl": "https://assets.shop.loblaws.ca/products/20639082001/b2/en/front/20639082001_front_a06_@2.png",
                              "imageUrl": "https://assets.shop.loblaws.ca/products/20639082001/b2/en/front/20639082001_front_a06_@2.png",
                              "largeUrl": "https://assets.shop.loblaws.ca/products/20639082001/b2/en/front/20639082001_front_a06_@2.png",
                              "mediumRetinaUrl": "https://assets.shop.loblaws.ca/products/20639082001/b3/en/front/20639082001_front_a06_@2.png"
                            }
                          },
                          "articleNumber": "20639082001",
                          "variantTheme": null,
                          "action": null,
                          "pricingUnits": {
                            "unit": "ea",
                            "interval": 1,
                            "minOrderQuantity": 1,
                            "type": "SOLD_BY_EACH",
                            "weighted": false,
                            "maxOrderQuantity": 25
                          },
                          "isComplementarySponsored": false,
                          "brand": "PC Organics",
                          "packageSizing": "3 lb bag, $0.59/100g",
                          "mopDeal": null,
                          "productBadge": null,
                          "productId": "20639082001_EA",
                          "productVendor": null,
                          "textBadge": "",
                          "inventoryIndicator": null,
                          "complementarySponsoredBadgeText": null,
                          "isVariant": false,
                          "productVariant": null,
                          "offerId": "OG",
                          "pricing": {
                            "wasPrice": null,
                            "mopDisplayPrice": null,
                            "displayPrice": "$7.99",
                            "price": "7.99",
                            "memberOnlyPrice": null
                          },
                          "isSponsored": false
                        },
                        "productTiles_24": {
                          "deal": null,
                          "link": "/greenhouse-peppers/p/20085851001_EA",
                          "description": "Bell peppers have green, orange, red, or yellow skin and a sweet flavour. They are crisp and juicy, perfect for enjoying raw with dips or hummus and to add some colour to your stir-fries.",
                          "title": "Greenhouse Peppers",
                          "pcoDeal": null,
                          "offerType": "OG",
                          "uom": "EA",
                          "sponsoredCreative": null,
                          "productImage": {
                            "productImage_0": {
                              "smallUrl": "https://assets.shop.loblaws.ca/products/20085851001/b1/en/front/20085851001_front_a01_@2.png",
                              "smallRetinaUrl": "https://assets.shop.loblaws.ca/products/20085851001/b1/en/front/20085851001_front_a01_@2.png",
                              "mediumUrl": "https://assets.shop.loblaws.ca/products/20085851001/b3/en/front/20085851001_front_a06_@2.png",
                              "largeRetinaUrl": "https://assets.shop.loblaws.ca/products/20085851001/b2/en/front/20085851001_front_a06_@2.png",
                              "imageUrl": "https://assets.shop.loblaws.ca/products/20085851001/b2/en/front/20085851001_front_a06_@2.png",
                              "largeUrl": "https://assets.shop.loblaws.ca/products/20085851001/b2/en/front/20085851001_front_a06_@2.png",
                              "mediumRetinaUrl": "https://assets.shop.loblaws.ca/products/20085851001/b3/en/front/20085851001_front_a06_@2.png"
                            }
                          },
                          "articleNumber": "20085851001",
                          "variantTheme": null,
                          "action": null,
                          "pricingUnits": {
                            "unit": "ea",
                            "interval": 1,
                            "minOrderQuantity": 1,
                            "type": "SOLD_BY_EACH",
                            "weighted": false,
                            "maxOrderQuantity": 25
                          },
                          "isComplementarySponsored": false,
                          "brand": "Farmer's Market",
                          "packageSizing": "1 ea, $1.32/1ea",
                          "mopDeal": null,
                          "productBadge": null,
                          "productId": "20085851001_EA",
                          "productVendor": null,
                          "textBadge": "",
                          "inventoryIndicator": null,
                          "complementarySponsoredBadgeText": null,
                          "isVariant": false,
                          "productVariant": null,
                          "offerId": "OG",
                          "pricing": {
                            "wasPrice": null,
                            "mopDisplayPrice": null,
                            "displayPrice": "$3.96",
                            "price": "3.96",
                            "memberOnlyPrice": null
                          },
                          "isSponsored": false
                        },
                        "productTiles_46": {
                          "deal": null,
                          "link": "/yu-choy-sum/p/20171853001_KG",
                          "description": "Yu choy sum is a relative of bok choy. It has yellowish-green stems and bright green leaves that sometimes have tiny edible yellow flowers. Yu choy sum has a similar flavour to spinach and broccoli and can be added to soups and stir-fries.",
                          "title": "Yu Choy Sum",
                          "pcoDeal": null,
                          "offerType": "OG",
                          "uom": "KG",
                          "sponsoredCreative": null,
                          "productImage": {
                            "productImage_0": {
                              "smallUrl": "https://assets.shop.loblaws.ca/products/20171853001/b1/en/front/20171853001_front_a01_@2.png",
                              "smallRetinaUrl": "https://assets.shop.loblaws.ca/products/20171853001/b1/en/front/20171853001_front_a01_@2.png",
                              "mediumUrl": "https://assets.shop.loblaws.ca/products/20171853001/b3/en/front/20171853001_front_a06_@2.png",
                              "largeRetinaUrl": "https://assets.shop.loblaws.ca/products/20171853001/b2/en/front/20171853001_front_a06_@2.png",
                              "imageUrl": "https://assets.shop.loblaws.ca/products/20171853001/b2/en/front/20171853001_front_a06_@2.png",
                              "largeUrl": "https://assets.shop.loblaws.ca/products/20171853001/b2/en/front/20171853001_front_a06_@2.png",
                              "mediumRetinaUrl": "https://assets.shop.loblaws.ca/products/20171853001/b3/en/front/20171853001_front_a06_@2.png"
                            }
                          },
                          "articleNumber": "20171853001",
                          "variantTheme": null,
                          "action": null,
                          "pricingUnits": {
                            "unit": "ea",
                            "interval": 1,
                            "minOrderQuantity": 1,
                            "type": "SOLD_BY_EACH_PRICED_BY_WEIGHT",
                            "weighted": false,
                            "maxOrderQuantity": 25
                          },
                          "isComplementarySponsored": false,
                          "brand": null,
                          "packageSizing": "$5.49/1kg $2.49/1lb",
                          "mopDeal": null,
                          "productBadge": null,
                          "productId": "20171853001_KG",
                          "productVendor": null,
                          "textBadge": "out-of-stock",
                          "inventoryIndicator": {
                            "indicatorId": "OUT",
                            "text": "Out of Stock"
                          },
                          "complementarySponsoredBadgeText": null,
                          "isVariant": false,
                          "productVariant": null,
                          "offerId": "OG",
                          "pricing": {
                            "wasPrice": null,
                            "mopDisplayPrice": null,
                            "displayPrice": "about $3.68",
                            "price": "3.68",
                            "memberOnlyPrice": null
                          },
                          "isSponsored": false
                        },
                        "productTiles_21": {
                          "deal": {
                            "expiryDate": "2024-06-05T00:00:00Z",
                            "name": "SALE",
                            "text": "SAVE $1.00",
                            "dealPrice": null,
                            "type": "SALE",
                            "points": 0
                          },
                          "link": "/mini-cucumbers/p/20737570001_EA",
                          "description": "Mini cucumbers are small versions of the English variety with a bit more crunch. Mini cucumbers are typically enjoyed raw and can eaten with the skin on. Take them with you as a snack on the go or add diced mini cucumbers to your next vegetable platter or salad.",
                          "title": "Mini Cucumbers",
                          "pcoDeal": null,
                          "offerType": "OG",
                          "uom": "EA",
                          "sponsoredCreative": null,
                          "productImage": {
                            "productImage_0": {
                              "smallUrl": "https://assets.shop.loblaws.ca/products/20737570001/b1/en/front/20737570001_front_a01_@2.png",
                              "smallRetinaUrl": "https://assets.shop.loblaws.ca/products/20737570001/b1/en/front/20737570001_front_a01_@2.png",
                              "mediumUrl": "https://assets.shop.loblaws.ca/products/20737570001/b3/en/front/20737570001_front_a06_@2.png",
                              "largeRetinaUrl": "https://assets.shop.loblaws.ca/products/20737570001/b2/en/front/20737570001_front_a06_@2.png",
                              "imageUrl": "https://assets.shop.loblaws.ca/products/20737570001/b2/en/front/20737570001_front_a06_@2.png",
                              "largeUrl": "https://assets.shop.loblaws.ca/products/20737570001/b2/en/front/20737570001_front_a06_@2.png",
                              "mediumRetinaUrl": "https://assets.shop.loblaws.ca/products/20737570001/b3/en/front/20737570001_front_a06_@2.png"
                            }
                          },
                          "articleNumber": "20737570001",
                          "variantTheme": null,
                          "action": null,
                          "pricingUnits": {
                            "unit": "ea",
                            "interval": 1,
                            "minOrderQuantity": 1,
                            "type": "SOLD_BY_EACH",
                            "weighted": false,
                            "maxOrderQuantity": 25
                          },
                          "isComplementarySponsored": false,
                          "brand": "Farmer's Market",
                          "packageSizing": "6 pack, $0.50/1ea",
                          "mopDeal": null,
                          "productBadge": null,
                          "productId": "20737570001_EA",
                          "productVendor": null,
                          "textBadge": "",
                          "inventoryIndicator": null,
                          "complementarySponsoredBadgeText": null,
                          "isVariant": false,
                          "productVariant": null,
                          "offerId": "OG",
                          "pricing": {
                            "wasPrice": "$3.99",
                            "mopDisplayPrice": null,
                            "displayPrice": "$2.99",
                            "price": "2.99",
                            "memberOnlyPrice": null
                          },
                          "isSponsored": false
                        },
                        "productTiles_43": {
                          "deal": null,
                          "link": "/roma-tomatoes/p/20887498001_EA",
                          "description": "Roma (or plum) tomatoes are egg-shaped and narrow with a thick red skin and meaty texture. Because they have few seeds and a sweet flavour, Roma tomatoes are a popular choice for making tomato paste and sauce. They can also be used raw in salads or roasted for lasagna and pasta.",
                          "title": "Roma Tomatoes",
                          "pcoDeal": null,
                          "offerType": "OG",
                          "uom": "EA",
                          "sponsoredCreative": null,
                          "productImage": {
                            "productImage_1": {
                              "smallUrl": "https://assets.shop.loblaws.ca/products/20887498001/b1/en/angle/20887498001_angle_a01_@2.png",
                              "smallRetinaUrl": "https://assets.shop.loblaws.ca/products/20887498001/b1/en/angle/20887498001_angle_a01_@2.png",
                              "mediumUrl": "https://assets.shop.loblaws.ca/products/20887498001/b3/en/angle/20887498001_angle_a06_@2.png",
                              "largeRetinaUrl": "https://assets.shop.loblaws.ca/products/20887498001/b2/en/angle/20887498001_angle_a06_@2.png",
                              "imageUrl": "https://assets.shop.loblaws.ca/products/20887498001/b2/en/angle/20887498001_angle_a06_@2.png",
                              "largeUrl": "https://assets.shop.loblaws.ca/products/20887498001/b2/en/angle/20887498001_angle_a06_@2.png",
                              "mediumRetinaUrl": "https://assets.shop.loblaws.ca/products/20887498001/b3/en/angle/20887498001_angle_a06_@2.png"
                            },
                            "productImage_0": {
                              "smallUrl": "https://assets.shop.loblaws.ca/products/20887498001/b1/en/front/20887498001_front_a01_@2.png",
                              "smallRetinaUrl": "https://assets.shop.loblaws.ca/products/20887498001/b1/en/front/20887498001_front_a01_@2.png",
                              "mediumUrl": "https://assets.shop.loblaws.ca/products/20887498001/b3/en/front/20887498001_front_a06_@2.png",
                              "largeRetinaUrl": "https://assets.shop.loblaws.ca/products/20887498001/b2/en/front/20887498001_front_a06_@2.png",
                              "imageUrl": "https://assets.shop.loblaws.ca/products/20887498001/b2/en/front/20887498001_front_a06_@2.png",
                              "largeUrl": "https://assets.shop.loblaws.ca/products/20887498001/b2/en/front/20887498001_front_a06_@2.png",
                              "mediumRetinaUrl": "https://assets.shop.loblaws.ca/products/20887498001/b3/en/front/20887498001_front_a06_@2.png"
                            }
                          },
                          "articleNumber": "20887498001",
                          "variantTheme": null,
                          "action": null,
                          "pricingUnits": {
                            "unit": "ea",
                            "interval": 1,
                            "minOrderQuantity": 1,
                            "type": "SOLD_BY_EACH",
                            "weighted": false,
                            "maxOrderQuantity": 25
                          },
                          "isComplementarySponsored": false,
                          "brand": "Farmer's Market",
                          "packageSizing": "1 ea, $0.59/100g",
                          "mopDeal": null,
                          "productBadge": null,
                          "productId": "20887498001_EA",
                          "productVendor": null,
                          "textBadge": "out-of-stock",
                          "inventoryIndicator": {
                            "indicatorId": "OUT",
                            "text": "Out of Stock"
                          },
                          "complementarySponsoredBadgeText": null,
                          "isVariant": false,
                          "productVariant": null,
                          "offerId": "OG",
                          "pricing": {
                            "wasPrice": null,
                            "mopDisplayPrice": null,
                            "displayPrice": "$7.99",
                            "price": "7.99",
                            "memberOnlyPrice": null
                          },
                          "isSponsored": false
                        },
                        "productTiles_22": {
                          "deal": null,
                          "link": "/sweet-onion/p/20083454001_KG",
                          "description": "Sweet onions include many varieties, the most common of which is the Vidalia onion. Sweet onions have a golden yellow papery skin and white sweet flesh. They are especially good raw in salads and salsas but sweet onions can also be sliced and braised with beef or fried for onion rings.",
                          "title": "Sweet Onion",
                          "pcoDeal": null,
                          "offerType": "OG",
                          "uom": "KG",
                          "sponsoredCreative": null,
                          "productImage": {
                            "productImage_0": {
                              "smallUrl": "https://assets.shop.loblaws.ca/products/20083454001/b1/en/front/20083454001_front_a01_@2.png",
                              "smallRetinaUrl": "https://assets.shop.loblaws.ca/products/20083454001/b1/en/front/20083454001_front_a01_@2.png",
                              "mediumUrl": "https://assets.shop.loblaws.ca/products/20083454001/b3/en/front/20083454001_front_a06_@2.png",
                              "largeRetinaUrl": "https://assets.shop.loblaws.ca/products/20083454001/b2/en/front/20083454001_front_a06_@2.png",
                              "imageUrl": "https://assets.shop.loblaws.ca/products/20083454001/b2/en/front/20083454001_front_a06_@2.png",
                              "largeUrl": "https://assets.shop.loblaws.ca/products/20083454001/b2/en/front/20083454001_front_a06_@2.png",
                              "mediumRetinaUrl": "https://assets.shop.loblaws.ca/products/20083454001/b3/en/front/20083454001_front_a06_@2.png"
                            }
                          },
                          "articleNumber": "20083454001",
                          "variantTheme": null,
                          "action": null,
                          "pricingUnits": {
                            "unit": "ea",
                            "interval": 1,
                            "minOrderQuantity": 1,
                            "type": "SOLD_BY_EACH_PRICED_BY_WEIGHT",
                            "weighted": false,
                            "maxOrderQuantity": 25
                          },
                          "isComplementarySponsored": false,
                          "brand": null,
                          "packageSizing": "$6.59/1kg $2.99/1lb",
                          "mopDeal": null,
                          "productBadge": null,
                          "productId": "20083454001_KG",
                          "productVendor": null,
                          "textBadge": "",
                          "inventoryIndicator": null,
                          "complementarySponsoredBadgeText": null,
                          "isVariant": false,
                          "productVariant": null,
                          "offerId": "OG",
                          "pricing": {
                            "wasPrice": null,
                            "mopDisplayPrice": null,
                            "displayPrice": "about $3.03",
                            "price": "3.03",
                            "memberOnlyPrice": null
                          },
                          "isSponsored": false
                        },
                        "productTiles_44": {
                          "deal": null,
                          "link": "/corn-on-the-cob-package-of-5/p/20214929001_EA",
                          "description": "Bi-colour corn has plump yellow and white kernels in tightly-spaced rows. Corn is covered with a thin layer of golden silk that should be removed prior to cooking. Cook corn and cut the kernels off the cob for salsa, salad, or chili, or boil and serve with butter for classic corn on the cob.",
                          "title": "Corn on the Cob, Package of 5",
                          "pcoDeal": null,
                          "offerType": "OG",
                          "uom": "EA",
                          "sponsoredCreative": null,
                          "productImage": {
                            "productImage_0": {
                              "smallUrl": "https://assets.shop.loblaws.ca/products/20214929001/b1/en/front/20214929001_front_a01_@2.png",
                              "smallRetinaUrl": "https://assets.shop.loblaws.ca/products/20214929001/b1/en/front/20214929001_front_a01_@2.png",
                              "mediumUrl": "https://assets.shop.loblaws.ca/products/20214929001/b3/en/front/20214929001_front_a06_@2.png",
                              "largeRetinaUrl": "https://assets.shop.loblaws.ca/products/20214929001/b2/en/front/20214929001_front_a06_@2.png",
                              "imageUrl": "https://assets.shop.loblaws.ca/products/20214929001/b2/en/front/20214929001_front_a06_@2.png",
                              "largeUrl": "https://assets.shop.loblaws.ca/products/20214929001/b2/en/front/20214929001_front_a06_@2.png",
                              "mediumRetinaUrl": "https://assets.shop.loblaws.ca/products/20214929001/b3/en/front/20214929001_front_a06_@2.png"
                            }
                          },
                          "articleNumber": "20214929001",
                          "variantTheme": null,
                          "action": null,
                          "pricingUnits": {
                            "unit": "ea",
                            "interval": 1,
                            "minOrderQuantity": 1,
                            "type": "SOLD_BY_EACH",
                            "weighted": false,
                            "maxOrderQuantity": 25
                          },
                          "isComplementarySponsored": false,
                          "brand": "Farmer's Market",
                          "packageSizing": "1 ea, $5.49/1ea",
                          "mopDeal": null,
                          "productBadge": null,
                          "productId": "20214929001_EA",
                          "productVendor": null,
                          "textBadge": "",
                          "inventoryIndicator": null,
                          "complementarySponsoredBadgeText": null,
                          "isVariant": false,
                          "productVariant": null,
                          "offerId": "OG",
                          "pricing": {
                            "wasPrice": null,
                            "mopDisplayPrice": null,
                            "displayPrice": "$5.49",
                            "price": "5.49",
                            "memberOnlyPrice": null
                          },
                          "isSponsored": false
                        },
                        "productTiles_29": {
                          "deal": null,
                          "link": "/cremini-mushrooms/p/21021565_EA",
                          "description": null,
                          "title": "Cremini Mushrooms",
                          "pcoDeal": null,
                          "offerType": "OG",
                          "uom": "EA",
                          "sponsoredCreative": null,
                          "productImage": {
                            "productImage_0": {
                              "smallUrl": "https://assets.shop.loblaws.ca/products/21021565/b1/en/front/21021565_front_a01_@2.png",
                              "smallRetinaUrl": "https://assets.shop.loblaws.ca/products/21021565/b1/en/front/21021565_front_a01_@2.png",
                              "mediumUrl": "https://assets.shop.loblaws.ca/products/21021565/b3/en/front/21021565_front_a06_@2.png",
                              "largeRetinaUrl": "https://assets.shop.loblaws.ca/products/21021565/b2/en/front/21021565_front_a06_@2.png",
                              "imageUrl": "https://assets.shop.loblaws.ca/products/21021565/b2/en/front/21021565_front_a06_@2.png",
                              "largeUrl": "https://assets.shop.loblaws.ca/products/21021565/b2/en/front/21021565_front_a06_@2.png",
                              "mediumRetinaUrl": "https://assets.shop.loblaws.ca/products/21021565/b3/en/front/21021565_front_a06_@2.png"
                            }
                          },
                          "articleNumber": "21021565",
                          "variantTheme": null,
                          "action": null,
                          "pricingUnits": {
                            "unit": "ea",
                            "interval": 1,
                            "minOrderQuantity": 1,
                            "type": "SOLD_BY_EACH",
                            "weighted": false,
                            "maxOrderQuantity": 25
                          },
                          "isComplementarySponsored": false,
                          "brand": "PC Organics",
                          "packageSizing": "227 g, $1.32/100g",
                          "mopDeal": null,
                          "productBadge": null,
                          "productId": "21021565_EA",
                          "productVendor": null,
                          "textBadge": "low-inventory",
                          "inventoryIndicator": {
                            "indicatorId": "LOW",
                            "text": "Low Stock"
                          },
                          "complementarySponsoredBadgeText": null,
                          "isVariant": false,
                          "productVariant": null,
                          "offerId": "OG",
                          "pricing": {
                            "wasPrice": null,
                            "mopDisplayPrice": null,
                            "displayPrice": "$2.99",
                            "price": "2.99",
                            "memberOnlyPrice": null
                          },
                          "isSponsored": false
                        },
                        "productTiles_0": {
                          "deal": {
                            "expiryDate": "2024-06-05T00:00:00Z",
                            "name": "SALE",
                            "text": "SAVE $1.00",
                            "dealPrice": null,
                            "type": "SALE",
                            "points": 0
                          },
                          "link": "/english-cucumber/p/20070132001_EA",
                          "description": "English (or hothouse) cucumbers are cylindrical green-skinned fruit with a crisp white flesh and edible seeds. English cucumbers are typically enjoyed raw and can be peeled or eaten with the skin on. Add sliced cucumber to your next vegetable platter or toss with mint and lemon juice for a refreshing salad.",
                          "title": "English Cucumber",
                          "pcoDeal": null,
                          "offerType": "OG",
                          "uom": "EA",
                          "sponsoredCreative": null,
                          "productImage": {
                            "productImage_0": {
                              "smallUrl": "https://assets.shop.loblaws.ca/products/20070132001/b1/en/front/20070132001_front_a01_@2.png",
                              "smallRetinaUrl": "https://assets.shop.loblaws.ca/products/20070132001/b1/en/front/20070132001_front_a01_@2.png",
                              "mediumUrl": "https://assets.shop.loblaws.ca/products/20070132001/b3/en/front/20070132001_front_a06_@2.png",
                              "largeRetinaUrl": "https://assets.shop.loblaws.ca/products/20070132001/b2/en/front/20070132001_front_a06_@2.png",
                              "imageUrl": "https://assets.shop.loblaws.ca/products/20070132001/b2/en/front/20070132001_front_a06_@2.png",
                              "largeUrl": "https://assets.shop.loblaws.ca/products/20070132001/b2/en/front/20070132001_front_a06_@2.png",
                              "mediumRetinaUrl": "https://assets.shop.loblaws.ca/products/20070132001/b3/en/front/20070132001_front_a06_@2.png"
                            }
                          },
                          "articleNumber": "20070132001",
                          "variantTheme": null,
                          "action": null,
                          "pricingUnits": {
                            "unit": "ea",
                            "interval": 1,
                            "minOrderQuantity": 1,
                            "type": "SOLD_BY_EACH",
                            "weighted": false,
                            "maxOrderQuantity": 25
                          },
                          "isComplementarySponsored": false,
                          "brand": null,
                          "packageSizing": "1 ea, $0.99/1ea",
                          "mopDeal": null,
                          "productBadge": null,
                          "productId": "20070132001_EA",
                          "productVendor": null,
                          "textBadge": "",
                          "inventoryIndicator": null,
                          "complementarySponsoredBadgeText": null,
                          "isVariant": false,
                          "productVariant": null,
                          "offerId": "OG",
                          "pricing": {
                            "wasPrice": "$1.99",
                            "mopDisplayPrice": null,
                            "displayPrice": "$0.99",
                            "price": "0.99",
                            "memberOnlyPrice": null
                          },
                          "isSponsored": false
                        },
                        "productTiles_30": {
                          "deal": null,
                          "link": "/carrotsmini-2lb/p/20031454001_EA",
                          "description": "Mini (or baby) carrots are harvested young and usually very tender and sweet. Because they are already peeled, baby carrots are a quick and easy snack for people of all ages. Enjoy baby carrots on their own, add them to your vegetable platter, or roast them with a little olive oil for an easy side dish.",
                          "title": "Carrotsmini 2Lb     ",
                          "pcoDeal": null,
                          "offerType": "OG",
                          "uom": "EA",
                          "sponsoredCreative": null,
                          "productImage": {
                            "productImage_0": {
                              "smallUrl": "https://assets.shop.loblaws.ca/products/20031454001/b1/en/front/20031454001_front_a01_@2.png",
                              "smallRetinaUrl": "https://assets.shop.loblaws.ca/products/20031454001/b1/en/front/20031454001_front_a01_@2.png",
                              "mediumUrl": "https://assets.shop.loblaws.ca/products/20031454001/b3/en/front/20031454001_front_a06_@2.png",
                              "largeRetinaUrl": "https://assets.shop.loblaws.ca/products/20031454001/b2/en/front/20031454001_front_a06_@2.png",
                              "imageUrl": "https://assets.shop.loblaws.ca/products/20031454001/b2/en/front/20031454001_front_a06_@2.png",
                              "largeUrl": "https://assets.shop.loblaws.ca/products/20031454001/b2/en/front/20031454001_front_a06_@2.png",
                              "mediumRetinaUrl": "https://assets.shop.loblaws.ca/products/20031454001/b3/en/front/20031454001_front_a06_@2.png"
                            }
                          },
                          "articleNumber": "20031454001",
                          "variantTheme": null,
                          "action": null,
                          "pricingUnits": {
                            "unit": "ea",
                            "interval": 1,
                            "minOrderQuantity": 1,
                            "type": "SOLD_BY_EACH",
                            "weighted": false,
                            "maxOrderQuantity": 25
                          },
                          "isComplementarySponsored": false,
                          "brand": "Farmer's Market",
                          "packageSizing": "2 lb bag, $0.55/100g",
                          "mopDeal": null,
                          "productBadge": null,
                          "productId": "20031454001_EA",
                          "productVendor": null,
                          "textBadge": "",
                          "inventoryIndicator": null,
                          "complementarySponsoredBadgeText": null,
                          "isVariant": false,
                          "productVariant": null,
                          "offerId": "OG",
                          "pricing": {
                            "wasPrice": null,
                            "mopDisplayPrice": null,
                            "displayPrice": "$4.99",
                            "price": "4.99",
                            "memberOnlyPrice": null
                          },
                          "isSponsored": false
                        },
                        "productTiles_31": {
                          "deal": {
                            "expiryDate": "2024-06-05T00:00:00Z",
                            "name": "SALE",
                            "text": "SAVE $0.53",
                            "dealPrice": null,
                            "type": "SALE",
                            "points": 0
                          },
                          "link": "/greenhouse-peppers-orange/p/20166880001_KG",
                          "description": "Orange bell peppers have a bright orange skin and sweet flavour. Their flesh is crisp and juicy, perfect for enjoying raw with dips or hummus. Orange bell peppers will add some colour to your stir-fry and are also perfect for grilling.",
                          "title": "Greenhouse Peppers, Orange",
                          "pcoDeal": null,
                          "offerType": "OG",
                          "uom": "KG",
                          "sponsoredCreative": null,
                          "productImage": {
                            "productImage_0": {
                              "smallUrl": "https://assets.shop.loblaws.ca/products/20166880001/b1/en/front/20166880001_front_a01_@2.png",
                              "smallRetinaUrl": "https://assets.shop.loblaws.ca/products/20166880001/b1/en/front/20166880001_front_a01_@2.png",
                              "mediumUrl": "https://assets.shop.loblaws.ca/products/20166880001/b3/en/front/20166880001_front_a06_@2.png",
                              "largeRetinaUrl": "https://assets.shop.loblaws.ca/products/20166880001/b2/en/front/20166880001_front_a06_@2.png",
                              "imageUrl": "https://assets.shop.loblaws.ca/products/20166880001/b2/en/front/20166880001_front_a06_@2.png",
                              "largeUrl": "https://assets.shop.loblaws.ca/products/20166880001/b2/en/front/20166880001_front_a06_@2.png",
                              "mediumRetinaUrl": "https://assets.shop.loblaws.ca/products/20166880001/b3/en/front/20166880001_front_a06_@2.png"
                            }
                          },
                          "articleNumber": "20166880001",
                          "variantTheme": null,
                          "action": null,
                          "pricingUnits": {
                            "unit": "ea",
                            "interval": 1,
                            "minOrderQuantity": 1,
                            "type": "SOLD_BY_EACH_PRICED_BY_WEIGHT",
                            "weighted": false,
                            "maxOrderQuantity": 25
                          },
                          "isComplementarySponsored": false,
                          "brand": null,
                          "packageSizing": "$8.80/1kg $3.99/1lb",
                          "mopDeal": null,
                          "productBadge": null,
                          "productId": "20166880001_KG",
                          "productVendor": null,
                          "textBadge": "",
                          "inventoryIndicator": null,
                          "complementarySponsoredBadgeText": null,
                          "isVariant": false,
                          "productVariant": null,
                          "offerId": "OG",
                          "pricing": {
                            "wasPrice": "$2.64",
                            "mopDisplayPrice": null,
                            "displayPrice": "about $2.11",
                            "price": "2.11",
                            "memberOnlyPrice": null
                          },
                          "isSponsored": false
                        },
                        "productTiles_8": {
                          "deal": {
                            "expiryDate": "2024-06-05T00:00:00Z",
                            "name": "SALE",
                            "text": "SAVE $0.95",
                            "dealPrice": null,
                            "type": "SALE",
                            "points": 0
                          },
                          "link": "/tomato-beefsteak-red/p/20426141001_KG",
                          "description": "Greenhouse tomatoes are firm and plump with a red skin when ripe. They are perfect sliced and used as a topping on burgers and sandwiches like the classic BLT. Or scoop out the pulp and seeds to make baked stuffed tomatoes.",
                          "title": "Tomato Beefsteak  Red",
                          "pcoDeal": null,
                          "offerType": "OG",
                          "uom": "KG",
                          "sponsoredCreative": null,
                          "productImage": {
                            "productImage_0": {
                              "smallUrl": "https://assets.shop.loblaws.ca/products/20426141001/b1/en/front/20426141001_front_a01_@2.png",
                              "smallRetinaUrl": "https://assets.shop.loblaws.ca/products/20426141001/b1/en/front/20426141001_front_a01_@2.png",
                              "mediumUrl": "https://assets.shop.loblaws.ca/products/20426141001/b3/en/front/20426141001_front_a06_@2.png",
                              "largeRetinaUrl": "https://assets.shop.loblaws.ca/products/20426141001/b2/en/front/20426141001_front_a06_@2.png",
                              "imageUrl": "https://assets.shop.loblaws.ca/products/20426141001/b2/en/front/20426141001_front_a06_@2.png",
                              "largeUrl": "https://assets.shop.loblaws.ca/products/20426141001/b2/en/front/20426141001_front_a06_@2.png",
                              "mediumRetinaUrl": "https://assets.shop.loblaws.ca/products/20426141001/b3/en/front/20426141001_front_a06_@2.png"
                            }
                          },
                          "articleNumber": "20426141001",
                          "variantTheme": null,
                          "action": null,
                          "pricingUnits": {
                            "unit": "ea",
                            "interval": 1,
                            "minOrderQuantity": 1,
                            "type": "SOLD_BY_EACH_PRICED_BY_WEIGHT",
                            "weighted": false,
                            "maxOrderQuantity": 25
                          },
                          "isComplementarySponsored": false,
                          "brand": null,
                          "packageSizing": "$1.94/1kg $0.88/1lb",
                          "mopDeal": null,
                          "productBadge": null,
                          "productId": "20426141001_KG",
                          "productVendor": null,
                          "textBadge": "",
                          "inventoryIndicator": null,
                          "complementarySponsoredBadgeText": null,
                          "isVariant": false,
                          "productVariant": null,
                          "offerId": "OG",
                          "pricing": {
                            "wasPrice": "$1.47",
                            "mopDisplayPrice": null,
                            "displayPrice": "about $0.52",
                            "price": "0.52",
                            "memberOnlyPrice": null
                          },
                          "isSponsored": false
                        },
                        "productTiles_16": {
                          "deal": null,
                          "link": "/garlic/p/21004355001_EA",
                          "description": null,
                          "title": "Garlic      ",
                          "pcoDeal": null,
                          "offerType": "OG",
                          "uom": "EA",
                          "sponsoredCreative": null,
                          "productImage": {
                            "productImage_0": {
                              "smallUrl": "https://assets.shop.loblaws.ca/products/21004355001/b1/en/front/21004355001_front_a01_@2.png",
                              "smallRetinaUrl": "https://assets.shop.loblaws.ca/products/21004355001/b1/en/front/21004355001_front_a01_@2.png",
                              "mediumUrl": "https://assets.shop.loblaws.ca/products/21004355001/b3/en/front/21004355001_front_a06_@2.png",
                              "largeRetinaUrl": "https://assets.shop.loblaws.ca/products/21004355001/b2/en/front/21004355001_front_a06_@2.png",
                              "imageUrl": "https://assets.shop.loblaws.ca/products/21004355001/b2/en/front/21004355001_front_a06_@2.png",
                              "largeUrl": "https://assets.shop.loblaws.ca/products/21004355001/b2/en/front/21004355001_front_a06_@2.png",
                              "mediumRetinaUrl": "https://assets.shop.loblaws.ca/products/21004355001/b3/en/front/21004355001_front_a06_@2.png"
                            }
                          },
                          "articleNumber": "21004355001",
                          "variantTheme": null,
                          "action": null,
                          "pricingUnits": {
                            "unit": "ea",
                            "interval": 1,
                            "minOrderQuantity": 1,
                            "type": "SOLD_BY_EACH",
                            "weighted": false,
                            "maxOrderQuantity": 25
                          },
                          "isComplementarySponsored": false,
                          "brand": "Rooster",
                          "packageSizing": "90 g, $0.50/1ea",
                          "mopDeal": null,
                          "productBadge": null,
                          "productId": "21004355001_EA",
                          "productVendor": null,
                          "textBadge": "",
                          "inventoryIndicator": null,
                          "complementarySponsoredBadgeText": null,
                          "isVariant": false,
                          "productVariant": null,
                          "offerId": "OG",
                          "pricing": {
                            "wasPrice": null,
                            "mopDisplayPrice": null,
                            "displayPrice": "$1.49",
                            "price": "1.49",
                            "memberOnlyPrice": null
                          },
                          "isSponsored": false
                        },
                        "productTiles_38": {
                          "deal": null,
                          "link": "/pearl-onion/p/21083917001_EA",
                          "description": null,
                          "title": "Pearl Onion",
                          "pcoDeal": null,
                          "offerType": "OG",
                          "uom": "EA",
                          "sponsoredCreative": null,
                          "productImage": {
                            "productImage_1": {
                              "smallUrl": "https://assets.shop.loblaws.ca/products/21083917001/b1/en/top/21083917001_top_a01_@2.png",
                              "smallRetinaUrl": "https://assets.shop.loblaws.ca/products/21083917001/b1/en/top/21083917001_top_a01_@2.png",
                              "mediumUrl": "https://assets.shop.loblaws.ca/products/21083917001/b3/en/top/21083917001_top_a06_@2.png",
                              "largeRetinaUrl": "https://assets.shop.loblaws.ca/products/21083917001/b2/en/top/21083917001_top_a06_@2.png",
                              "imageUrl": "https://assets.shop.loblaws.ca/products/21083917001/b2/en/top/21083917001_top_a06_@2.png",
                              "largeUrl": "https://assets.shop.loblaws.ca/products/21083917001/b2/en/top/21083917001_top_a06_@2.png",
                              "mediumRetinaUrl": "https://assets.shop.loblaws.ca/products/21083917001/b3/en/top/21083917001_top_a06_@2.png"
                            },
                            "productImage_0": {
                              "smallUrl": "https://assets.shop.loblaws.ca/products/21083917001/b1/en/front/21083917001_front_a01_@2.png",
                              "smallRetinaUrl": "https://assets.shop.loblaws.ca/products/21083917001/b1/en/front/21083917001_front_a01_@2.png",
                              "mediumUrl": "https://assets.shop.loblaws.ca/products/21083917001/b3/en/front/21083917001_front_a06_@2.png",
                              "largeRetinaUrl": "https://assets.shop.loblaws.ca/products/21083917001/b2/en/front/21083917001_front_a06_@2.png",
                              "imageUrl": "https://assets.shop.loblaws.ca/products/21083917001/b2/en/front/21083917001_front_a06_@2.png",
                              "largeUrl": "https://assets.shop.loblaws.ca/products/21083917001/b2/en/front/21083917001_front_a06_@2.png",
                              "mediumRetinaUrl": "https://assets.shop.loblaws.ca/products/21083917001/b3/en/front/21083917001_front_a06_@2.png"
                            }
                          },
                          "articleNumber": "21083917001",
                          "variantTheme": null,
                          "action": null,
                          "pricingUnits": {
                            "unit": "ea",
                            "interval": 1,
                            "minOrderQuantity": 1,
                            "type": "SOLD_BY_EACH",
                            "weighted": false,
                            "maxOrderQuantity": 25
                          },
                          "isComplementarySponsored": false,
                          "brand": null,
                          "packageSizing": "250 g, $1.60/100g",
                          "mopDeal": null,
                          "productBadge": null,
                          "productId": "21083917001_EA",
                          "productVendor": null,
                          "textBadge": "",
                          "inventoryIndicator": null,
                          "complementarySponsoredBadgeText": null,
                          "isVariant": false,
                          "productVariant": null,
                          "offerId": "OG",
                          "pricing": {
                            "wasPrice": null,
                            "mopDisplayPrice": null,
                            "displayPrice": "$3.99",
                            "price": "3.99",
                            "memberOnlyPrice": null
                          },
                          "isSponsored": false
                        },
                        "productTiles_7": {
                          "deal": {
                            "expiryDate": "2024-06-05T00:00:00Z",
                            "name": "SALE",
                            "text": "SAVE $0.53",
                            "dealPrice": null,
                            "type": "SALE",
                            "points": 0
                          },
                          "link": "/red-peppers/p/20007535001_KG",
                          "description": "Red bell peppers start with green skin but are left to ripen longer, giving them their bright red skin and sweet, fruity flavour. Enjoy them raw with dips or hummus, or roast red peppers to make dips and soups or as a topping for burgers and bruschetta.",
                          "title": "Red Peppers    ",
                          "pcoDeal": null,
                          "offerType": "OG",
                          "uom": "KG",
                          "sponsoredCreative": null,
                          "productImage": {
                            "productImage_0": {
                              "smallUrl": "https://assets.shop.loblaws.ca/products/20007535001/b1/en/front/20007535001_front_a01_@2.png",
                              "smallRetinaUrl": "https://assets.shop.loblaws.ca/products/20007535001/b1/en/front/20007535001_front_a01_@2.png",
                              "mediumUrl": "https://assets.shop.loblaws.ca/products/20007535001/b3/en/front/20007535001_front_a06_@2.png",
                              "largeRetinaUrl": "https://assets.shop.loblaws.ca/products/20007535001/b2/en/front/20007535001_front_a06_@2.png",
                              "imageUrl": "https://assets.shop.loblaws.ca/products/20007535001/b2/en/front/20007535001_front_a06_@2.png",
                              "largeUrl": "https://assets.shop.loblaws.ca/products/20007535001/b2/en/front/20007535001_front_a06_@2.png",
                              "mediumRetinaUrl": "https://assets.shop.loblaws.ca/products/20007535001/b3/en/front/20007535001_front_a06_@2.png"
                            }
                          },
                          "articleNumber": "20007535001",
                          "variantTheme": null,
                          "action": null,
                          "pricingUnits": {
                            "unit": "ea",
                            "interval": 1,
                            "minOrderQuantity": 1,
                            "type": "SOLD_BY_EACH_PRICED_BY_WEIGHT",
                            "weighted": false,
                            "maxOrderQuantity": 25
                          },
                          "isComplementarySponsored": false,
                          "brand": null,
                          "packageSizing": "$8.80/1kg $3.99/1lb",
                          "mopDeal": null,
                          "productBadge": null,
                          "productId": "20007535001_KG",
                          "productVendor": null,
                          "textBadge": "",
                          "inventoryIndicator": null,
                          "complementarySponsoredBadgeText": null,
                          "isVariant": false,
                          "productVariant": null,
                          "offerId": "OG",
                          "pricing": {
                            "wasPrice": "$2.64",
                            "mopDisplayPrice": null,
                            "displayPrice": "about $2.11",
                            "price": "2.11",
                            "memberOnlyPrice": null
                          },
                          "isSponsored": false
                        },
                        "productTiles_17": {
                          "deal": null,
                          "link": "/cauliflower/p/20135377001_EA",
                          "description": "Cauliflower is a cruciferous vegetable that comes in a tight cluster of florets surrounded by crisp green leaves. It is normally white but also comes in green, purple, and orange. Add raw cauliflower florets to your next vegetable platter or roast and serve as a simple side dish with meat or fish.",
                          "title": "Cauliflower",
                          "pcoDeal": null,
                          "offerType": "OG",
                          "uom": "EA",
                          "sponsoredCreative": null,
                          "productImage": {
                            "productImage_0": {
                              "smallUrl": "https://assets.shop.loblaws.ca/products/20135377001/b1/en/front/20135377001_front_a01_@2.png",
                              "smallRetinaUrl": "https://assets.shop.loblaws.ca/products/20135377001/b1/en/front/20135377001_front_a01_@2.png",
                              "mediumUrl": "https://assets.shop.loblaws.ca/products/20135377001/b3/en/front/20135377001_front_a06_@2.png",
                              "largeRetinaUrl": "https://assets.shop.loblaws.ca/products/20135377001/b2/en/front/20135377001_front_a06_@2.png",
                              "imageUrl": "https://assets.shop.loblaws.ca/products/20135377001/b2/en/front/20135377001_front_a06_@2.png",
                              "largeUrl": "https://assets.shop.loblaws.ca/products/20135377001/b2/en/front/20135377001_front_a06_@2.png",
                              "mediumRetinaUrl": "https://assets.shop.loblaws.ca/products/20135377001/b3/en/front/20135377001_front_a06_@2.png"
                            }
                          },
                          "articleNumber": "20135377001",
                          "variantTheme": null,
                          "action": null,
                          "pricingUnits": {
                            "unit": "ea",
                            "interval": 1,
                            "minOrderQuantity": 1,
                            "type": "SOLD_BY_EACH",
                            "weighted": false,
                            "maxOrderQuantity": 25
                          },
                          "isComplementarySponsored": false,
                          "brand": null,
                          "packageSizing": "1 ea, $5.99/1ea",
                          "mopDeal": null,
                          "productBadge": null,
                          "productId": "20135377001_EA",
                          "productVendor": null,
                          "textBadge": "",
                          "inventoryIndicator": null,
                          "complementarySponsoredBadgeText": null,
                          "isVariant": false,
                          "productVariant": null,
                          "offerId": "OG",
                          "pricing": {
                            "wasPrice": null,
                            "mopDisplayPrice": null,
                            "displayPrice": "$5.99",
                            "price": "5.99",
                            "memberOnlyPrice": null
                          },
                          "isSponsored": false
                        },
                        "productTiles_39": {
                          "deal": null,
                          "link": "/long-beans/p/20686492001_KG",
                          "description": "Long (or Chinese long/yard-long) beans are thin legumes that look like longer versions of green beans. They have a similar flavour to green beans but are not as crisp, and they can become mushy if overcooked. Cut long beans and add to stir-fries or sauté and serve as a simple side dish.",
                          "title": "Long Beans",
                          "pcoDeal": null,
                          "offerType": "OG",
                          "uom": "KG",
                          "sponsoredCreative": null,
                          "productImage": {
                            "productImage_0": {
                              "smallUrl": "https://assets.shop.loblaws.ca/products/20686492001/b1/en/front/20686492001_front_a01_@2.png",
                              "smallRetinaUrl": "https://assets.shop.loblaws.ca/products/20686492001/b1/en/front/20686492001_front_a01_@2.png",
                              "mediumUrl": "https://assets.shop.loblaws.ca/products/20686492001/b3/en/front/20686492001_front_a06_@2.png",
                              "largeRetinaUrl": "https://assets.shop.loblaws.ca/products/20686492001/b2/en/front/20686492001_front_a06_@2.png",
                              "imageUrl": "https://assets.shop.loblaws.ca/products/20686492001/b2/en/front/20686492001_front_a06_@2.png",
                              "largeUrl": "https://assets.shop.loblaws.ca/products/20686492001/b2/en/front/20686492001_front_a06_@2.png",
                              "mediumRetinaUrl": "https://assets.shop.loblaws.ca/products/20686492001/b3/en/front/20686492001_front_a06_@2.png"
                            }
                          },
                          "articleNumber": "20686492001",
                          "variantTheme": null,
                          "action": null,
                          "pricingUnits": {
                            "unit": "g",
                            "interval": 50,
                            "minOrderQuantity": 50,
                            "type": "SOLD_BY_WEIGHT",
                            "weighted": true,
                            "maxOrderQuantity": 999
                          },
                          "isComplementarySponsored": false,
                          "brand": null,
                          "packageSizing": "$1.32/100g $13.21/1kg",
                          "mopDeal": null,
                          "productBadge": null,
                          "productId": "20686492001_KG",
                          "productVendor": null,
                          "textBadge": "low-inventory",
                          "inventoryIndicator": {
                            "indicatorId": "LOW",
                            "text": "Low Stock"
                          },
                          "complementarySponsoredBadgeText": null,
                          "isVariant": false,
                          "productVariant": null,
                          "offerId": "OG",
                          "pricing": {
                            "wasPrice": null,
                            "mopDisplayPrice": null,
                            "displayPrice": "$0.66",
                            "price": "0.66",
                            "memberOnlyPrice": null
                          },
                          "isSponsored": false
                        },
                        "productTiles_6": {
                          "deal": null,
                          "link": "/tomato-on-the-vine-red-1-bunch/p/20026703001_KG",
                          "description": "*Average Vine has 3-5 Tomatoes  Vine tomatoes are typically sold in clusters attached to a fresh green vine. Because they are a little softer and juicier than other varieties, vine tomatoes are excellent when used fresh in salads, but they can also be roasted or used in many tomato-based recipes.",
                          "title": "Tomato on the Vine Red ( 1 Bunch)",
                          "pcoDeal": null,
                          "offerType": "OG",
                          "uom": "KG",
                          "sponsoredCreative": null,
                          "productImage": {
                            "productImage_0": {
                              "smallUrl": "https://assets.shop.loblaws.ca/products/20026703001/b1/en/front/20026703001_front_a01_@2.png",
                              "smallRetinaUrl": "https://assets.shop.loblaws.ca/products/20026703001/b1/en/front/20026703001_front_a01_@2.png",
                              "mediumUrl": "https://assets.shop.loblaws.ca/products/20026703001/b3/en/front/20026703001_front_a06_@2.png",
                              "largeRetinaUrl": "https://assets.shop.loblaws.ca/products/20026703001/b2/en/front/20026703001_front_a06_@2.png",
                              "imageUrl": "https://assets.shop.loblaws.ca/products/20026703001/b2/en/front/20026703001_front_a06_@2.png",
                              "largeUrl": "https://assets.shop.loblaws.ca/products/20026703001/b2/en/front/20026703001_front_a06_@2.png",
                              "mediumRetinaUrl": "https://assets.shop.loblaws.ca/products/20026703001/b3/en/front/20026703001_front_a06_@2.png"
                            }
                          },
                          "articleNumber": "20026703001",
                          "variantTheme": null,
                          "action": null,
                          "pricingUnits": {
                            "unit": "ea",
                            "interval": 1,
                            "minOrderQuantity": 1,
                            "type": "SOLD_BY_EACH_PRICED_BY_WEIGHT",
                            "weighted": false,
                            "maxOrderQuantity": 25
                          },
                          "isComplementarySponsored": false,
                          "brand": null,
                          "packageSizing": "$5.49/1kg $2.49/1lb",
                          "mopDeal": null,
                          "productBadge": null,
                          "productId": "20026703001_KG",
                          "productVendor": null,
                          "textBadge": "",
                          "inventoryIndicator": null,
                          "complementarySponsoredBadgeText": null,
                          "isVariant": false,
                          "productVariant": null,
                          "offerId": "OG",
                          "pricing": {
                            "wasPrice": null,
                            "mopDisplayPrice": null,
                            "displayPrice": "about $3.90",
                            "price": "3.90",
                            "memberOnlyPrice": null
                          },
                          "isSponsored": false
                        },
                        "productTiles_14": {
                          "deal": null,
                          "link": "/zucchini/p/20426596001_KG",
                          "description": "Zucchini are summer squash with dark to light green skin, white flesh, and tiny edible seeds. They have a delicate flavour and can be eaten raw or cooked in a variety of ways. Shred zucchini for muffins, breads, and cakes, or grill and serve as a perfect summer side dish.",
                          "title": "Zucchini",
                          "pcoDeal": null,
                          "offerType": "OG",
                          "uom": "KG",
                          "sponsoredCreative": null,
                          "productImage": {
                            "productImage_0": {
                              "smallUrl": "https://assets.shop.loblaws.ca/products/20426596001/b1/en/front/20426596001_front_a01_@2.png",
                              "smallRetinaUrl": "https://assets.shop.loblaws.ca/products/20426596001/b1/en/front/20426596001_front_a01_@2.png",
                              "mediumUrl": "https://assets.shop.loblaws.ca/products/20426596001/b3/en/front/20426596001_front_a06_@2.png",
                              "largeRetinaUrl": "https://assets.shop.loblaws.ca/products/20426596001/b2/en/front/20426596001_front_a06_@2.png",
                              "imageUrl": "https://assets.shop.loblaws.ca/products/20426596001/b2/en/front/20426596001_front_a06_@2.png",
                              "largeUrl": "https://assets.shop.loblaws.ca/products/20426596001/b2/en/front/20426596001_front_a06_@2.png",
                              "mediumRetinaUrl": "https://assets.shop.loblaws.ca/products/20426596001/b3/en/front/20426596001_front_a06_@2.png"
                            }
                          },
                          "articleNumber": "20426596001",
                          "variantTheme": null,
                          "action": null,
                          "pricingUnits": {
                            "unit": "ea",
                            "interval": 1,
                            "minOrderQuantity": 1,
                            "type": "SOLD_BY_EACH_PRICED_BY_WEIGHT",
                            "weighted": false,
                            "maxOrderQuantity": 25
                          },
                          "isComplementarySponsored": false,
                          "brand": null,
                          "packageSizing": "$7.69/1kg $3.49/1lb",
                          "mopDeal": null,
                          "productBadge": null,
                          "productId": "20426596001_KG",
                          "productVendor": null,
                          "textBadge": "",
                          "inventoryIndicator": null,
                          "complementarySponsoredBadgeText": null,
                          "isVariant": false,
                          "productVariant": null,
                          "offerId": "OG",
                          "pricing": {
                            "wasPrice": null,
                            "mopDisplayPrice": null,
                            "displayPrice": "about $2.15",
                            "price": "2.15",
                            "memberOnlyPrice": null
                          },
                          "isSponsored": false
                        },
                        "productTiles_36": {
                          "deal": null,
                          "link": "/jalapeno-peppers/p/20088387001_KG",
                          "description": "Jalapeno peppers are slightly rounded chilies with smooth green skin that turns red when ripe. Jalapenos are popular because of their flavour and because they are easy to seed. Add jalapeno peppers to sauces and salsas. Scoville scale rating of 2,500 – 8,000.",
                          "title": "Jalapeno Peppers",
                          "pcoDeal": null,
                          "offerType": "OG",
                          "uom": "KG",
                          "sponsoredCreative": null,
                          "productImage": {
                            "productImage_0": {
                              "smallUrl": "https://assets.shop.loblaws.ca/products/20088387001/b1/en/front/20088387001_front_a01_@2.png",
                              "smallRetinaUrl": "https://assets.shop.loblaws.ca/products/20088387001/b1/en/front/20088387001_front_a01_@2.png",
                              "mediumUrl": "https://assets.shop.loblaws.ca/products/20088387001/b3/en/front/20088387001_front_a06_@2.png",
                              "largeRetinaUrl": "https://assets.shop.loblaws.ca/products/20088387001/b2/en/front/20088387001_front_a06_@2.png",
                              "imageUrl": "https://assets.shop.loblaws.ca/products/20088387001/b2/en/front/20088387001_front_a06_@2.png",
                              "largeUrl": "https://assets.shop.loblaws.ca/products/20088387001/b2/en/front/20088387001_front_a06_@2.png",
                              "mediumRetinaUrl": "https://assets.shop.loblaws.ca/products/20088387001/b3/en/front/20088387001_front_a06_@2.png"
                            }
                          },
                          "articleNumber": "20088387001",
                          "variantTheme": null,
                          "action": null,
                          "pricingUnits": {
                            "unit": "ea",
                            "interval": 1,
                            "minOrderQuantity": 1,
                            "type": "SOLD_BY_EACH_PRICED_BY_WEIGHT",
                            "weighted": false,
                            "maxOrderQuantity": 25
                          },
                          "isComplementarySponsored": false,
                          "brand": null,
                          "packageSizing": "$6.59/1kg $2.99/1lb",
                          "mopDeal": null,
                          "productBadge": null,
                          "productId": "20088387001_KG",
                          "productVendor": null,
                          "textBadge": "",
                          "inventoryIndicator": null,
                          "complementarySponsoredBadgeText": null,
                          "isVariant": false,
                          "productVariant": null,
                          "offerId": "OG",
                          "pricing": {
                            "wasPrice": null,
                            "mopDisplayPrice": null,
                            "displayPrice": "about $0.33",
                            "price": "0.33",
                            "memberOnlyPrice": null
                          },
                          "isSponsored": false
                        },
                        "productTiles_5": {
                          "deal": null,
                          "link": "/yellow-onions-3lb-bag/p/20811994001_EA",
                          "description": null,
                          "title": "Yellow Onions 3lb Bag",
                          "pcoDeal": null,
                          "offerType": "OG",
                          "uom": "EA",
                          "sponsoredCreative": null,
                          "productImage": {
                            "productImage_0": {
                              "smallUrl": "https://assets.shop.loblaws.ca/products/20811994001/b1/en/front/20811994001_front_a01_@2.png",
                              "smallRetinaUrl": "https://assets.shop.loblaws.ca/products/20811994001/b1/en/front/20811994001_front_a01_@2.png",
                              "mediumUrl": "https://assets.shop.loblaws.ca/products/20811994001/b3/en/front/20811994001_front_a06_@2.png",
                              "largeRetinaUrl": "https://assets.shop.loblaws.ca/products/20811994001/b2/en/front/20811994001_front_a06_@2.png",
                              "imageUrl": "https://assets.shop.loblaws.ca/products/20811994001/b2/en/front/20811994001_front_a06_@2.png",
                              "largeUrl": "https://assets.shop.loblaws.ca/products/20811994001/b2/en/front/20811994001_front_a06_@2.png",
                              "mediumRetinaUrl": "https://assets.shop.loblaws.ca/products/20811994001/b3/en/front/20811994001_front_a06_@2.png"
                            }
                          },
                          "articleNumber": "20811994001",
                          "variantTheme": null,
                          "action": null,
                          "pricingUnits": {
                            "unit": "ea",
                            "interval": 1,
                            "minOrderQuantity": 1,
                            "type": "SOLD_BY_EACH",
                            "weighted": false,
                            "maxOrderQuantity": 25
                          },
                          "isComplementarySponsored": false,
                          "brand": "Farmer's Market",
                          "packageSizing": "3 lb bag, $0.33/100g",
                          "mopDeal": null,
                          "productBadge": null,
                          "productId": "20811994001_EA",
                          "productVendor": null,
                          "textBadge": "",
                          "inventoryIndicator": null,
                          "complementarySponsoredBadgeText": null,
                          "isVariant": false,
                          "productVariant": null,
                          "offerId": "OG",
                          "pricing": {
                            "wasPrice": null,
                            "mopDisplayPrice": null,
                            "displayPrice": "$4.49",
                            "price": "4.49",
                            "memberOnlyPrice": null
                          },
                          "isSponsored": false
                        },
                        "productTiles_15": {
                          "deal": null,
                          "link": "/red-onion/p/20134101001_KG",
                          "description": "Red (or Italian) onions have a reddish-purple papery skin and a mild sweet flavour.  Use red onions to add colour and flavour to just about any dish. Slices of raw red onion work well in salads and as a topping for burgers, or roast and serve with sausage or flank steak.",
                          "title": "Red Onion",
                          "pcoDeal": null,
                          "offerType": "OG",
                          "uom": "KG",
                          "sponsoredCreative": null,
                          "productImage": {
                            "productImage_0": {
                              "smallUrl": "https://assets.shop.loblaws.ca/products/20134101001/b1/en/front/20134101001_front_a01_@2.png",
                              "smallRetinaUrl": "https://assets.shop.loblaws.ca/products/20134101001/b1/en/front/20134101001_front_a01_@2.png",
                              "mediumUrl": "https://assets.shop.loblaws.ca/products/20134101001/b3/en/front/20134101001_front_a06_@2.png",
                              "largeRetinaUrl": "https://assets.shop.loblaws.ca/products/20134101001/b2/en/front/20134101001_front_a06_@2.png",
                              "imageUrl": "https://assets.shop.loblaws.ca/products/20134101001/b2/en/front/20134101001_front_a06_@2.png",
                              "largeUrl": "https://assets.shop.loblaws.ca/products/20134101001/b2/en/front/20134101001_front_a06_@2.png",
                              "mediumRetinaUrl": "https://assets.shop.loblaws.ca/products/20134101001/b3/en/front/20134101001_front_a06_@2.png"
                            }
                          },
                          "articleNumber": "20134101001",
                          "variantTheme": null,
                          "action": null,
                          "pricingUnits": {
                            "unit": "ea",
                            "interval": 1,
                            "minOrderQuantity": 1,
                            "type": "SOLD_BY_EACH_PRICED_BY_WEIGHT",
                            "weighted": false,
                            "maxOrderQuantity": 25
                          },
                          "isComplementarySponsored": false,
                          "brand": null,
                          "packageSizing": "$7.69/1kg $3.49/1lb",
                          "mopDeal": null,
                          "productBadge": null,
                          "productId": "20134101001_KG",
                          "productVendor": null,
                          "textBadge": "low-inventory",
                          "inventoryIndicator": {
                            "indicatorId": "LOW",
                            "text": "Low Stock"
                          },
                          "complementarySponsoredBadgeText": null,
                          "isVariant": false,
                          "productVariant": null,
                          "offerId": "OG",
                          "pricing": {
                            "wasPrice": null,
                            "mopDisplayPrice": null,
                            "displayPrice": "about $2.85",
                            "price": "2.85",
                            "memberOnlyPrice": null
                          },
                          "isSponsored": false
                        },
                        "productTiles_37": {
                          "deal": null,
                          "link": "/grape-tomatoes/p/20799491001_EA",
                          "description": "Bite-size and bursting with sweet flavour, these juicy organic grape tomatoes are great for snacking and everyday dishes. Toss in fresh salads and pasta dishes, use them to make fresh salsa or skewer for meat or veggie kebabs. They?re also delicious roasted or saut?ed as a side.",
                          "title": "Grape Tomatoes",
                          "pcoDeal": null,
                          "offerType": "OG",
                          "uom": "EA",
                          "sponsoredCreative": null,
                          "productImage": {
                            "productImage_0": {
                              "smallUrl": "https://assets.shop.loblaws.ca/products/20799491001/b1/en/front/20799491001_front_a01_@2.png",
                              "smallRetinaUrl": "https://assets.shop.loblaws.ca/products/20799491001/b1/en/front/20799491001_front_a01_@2.png",
                              "mediumUrl": "https://assets.shop.loblaws.ca/products/20799491001/b3/en/front/20799491001_front_a06_@2.png",
                              "largeRetinaUrl": "https://assets.shop.loblaws.ca/products/20799491001/b2/en/front/20799491001_front_a06_@2.png",
                              "imageUrl": "https://assets.shop.loblaws.ca/products/20799491001/b2/en/front/20799491001_front_a06_@2.png",
                              "largeUrl": "https://assets.shop.loblaws.ca/products/20799491001/b2/en/front/20799491001_front_a06_@2.png",
                              "mediumRetinaUrl": "https://assets.shop.loblaws.ca/products/20799491001/b3/en/front/20799491001_front_a06_@2.png"
                            }
                          },
                          "articleNumber": "20799491001",
                          "variantTheme": null,
                          "action": null,
                          "pricingUnits": {
                            "unit": "ea",
                            "interval": 1,
                            "minOrderQuantity": 1,
                            "type": "SOLD_BY_EACH",
                            "weighted": false,
                            "maxOrderQuantity": 25
                          },
                          "isComplementarySponsored": false,
                          "brand": "PC Organics",
                          "packageSizing": "255 g, $1.96/100g",
                          "mopDeal": null,
                          "productBadge": null,
                          "productId": "20799491001_EA",
                          "productVendor": null,
                          "textBadge": "",
                          "inventoryIndicator": null,
                          "complementarySponsoredBadgeText": null,
                          "isVariant": false,
                          "productVariant": null,
                          "offerId": "OG",
                          "pricing": {
                            "wasPrice": null,
                            "mopDisplayPrice": null,
                            "displayPrice": "$4.99",
                            "price": "4.99",
                            "memberOnlyPrice": null
                          },
                          "isSponsored": false
                        },
                        "productTiles_4": {
                          "deal": null,
                          "link": "/lettuce-iceberg/p/20135326001_EA",
                          "description": "Iceberg (or crisphead) lettuce is a round, tightly-packed head of pale green leaves. It has a crisp texture and a mild flavour and is mainly used fresh. Shred iceberg lettuce for salads and slaws, or cut into wedges and drizzle with blue cheese dressing.",
                          "title": "Lettuce Iceberg",
                          "pcoDeal": null,
                          "offerType": "OG",
                          "uom": "EA",
                          "sponsoredCreative": null,
                          "productImage": {
                            "productImage_0": {
                              "smallUrl": "https://assets.shop.loblaws.ca/products/20135326001/b1/en/front/20135326001_front_a01_@2.png",
                              "smallRetinaUrl": "https://assets.shop.loblaws.ca/products/20135326001/b1/en/front/20135326001_front_a01_@2.png",
                              "mediumUrl": "https://assets.shop.loblaws.ca/products/20135326001/b3/en/front/20135326001_front_a06_@2.png",
                              "largeRetinaUrl": "https://assets.shop.loblaws.ca/products/20135326001/b2/en/front/20135326001_front_a06_@2.png",
                              "imageUrl": "https://assets.shop.loblaws.ca/products/20135326001/b2/en/front/20135326001_front_a06_@2.png",
                              "largeUrl": "https://assets.shop.loblaws.ca/products/20135326001/b2/en/front/20135326001_front_a06_@2.png",
                              "mediumRetinaUrl": "https://assets.shop.loblaws.ca/products/20135326001/b3/en/front/20135326001_front_a06_@2.png"
                            }
                          },
                          "articleNumber": "20135326001",
                          "variantTheme": null,
                          "action": null,
                          "pricingUnits": {
                            "unit": "ea",
                            "interval": 1,
                            "minOrderQuantity": 1,
                            "type": "SOLD_BY_EACH",
                            "weighted": false,
                            "maxOrderQuantity": 25
                          },
                          "isComplementarySponsored": false,
                          "brand": null,
                          "packageSizing": "1 ea, $3.99/1ea",
                          "mopDeal": null,
                          "productBadge": null,
                          "productId": "20135326001_EA",
                          "productVendor": null,
                          "textBadge": "",
                          "inventoryIndicator": null,
                          "complementarySponsoredBadgeText": null,
                          "isVariant": false,
                          "productVariant": null,
                          "offerId": "OG",
                          "pricing": {
                            "wasPrice": null,
                            "mopDisplayPrice": null,
                            "displayPrice": "$3.99",
                            "price": "3.99",
                            "memberOnlyPrice": null
                          },
                          "isSponsored": false
                        },
                        "productTiles_12": {
                          "deal": null,
                          "link": "/broccoli-crowns/p/20026161001_KG",
                          "description": "Broccoli is a cruciferous vegetable that comes in a tight cluster of florets. It is deep green in colour, sometimes with a tinge of purple. Add raw broccoli florets to your next vegetable platter or pair with cheddar cheese for a quiche.",
                          "title": "Broccoli Crowns",
                          "pcoDeal": null,
                          "offerType": "OG",
                          "uom": "KG",
                          "sponsoredCreative": null,
                          "productImage": {
                            "productImage_0": {
                              "smallUrl": "https://assets.shop.loblaws.ca/products/20026161001/b1/en/front/20026161001_front_a01_@2.png",
                              "smallRetinaUrl": "https://assets.shop.loblaws.ca/products/20026161001/b1/en/front/20026161001_front_a01_@2.png",
                              "mediumUrl": "https://assets.shop.loblaws.ca/products/20026161001/b3/en/front/20026161001_front_a06_@2.png",
                              "largeRetinaUrl": "https://assets.shop.loblaws.ca/products/20026161001/b2/en/front/20026161001_front_a06_@2.png",
                              "imageUrl": "https://assets.shop.loblaws.ca/products/20026161001/b2/en/front/20026161001_front_a06_@2.png",
                              "largeUrl": "https://assets.shop.loblaws.ca/products/20026161001/b2/en/front/20026161001_front_a06_@2.png",
                              "mediumRetinaUrl": "https://assets.shop.loblaws.ca/products/20026161001/b3/en/front/20026161001_front_a06_@2.png"
                            }
                          },
                          "articleNumber": "20026161001",
                          "variantTheme": null,
                          "action": null,
                          "pricingUnits": {
                            "unit": "ea",
                            "interval": 1,
                            "minOrderQuantity": 1,
                            "type": "SOLD_BY_EACH_PRICED_BY_WEIGHT",
                            "weighted": false,
                            "maxOrderQuantity": 25
                          },
                          "isComplementarySponsored": false,
                          "brand": null,
                          "packageSizing": "$7.69/1kg $3.49/1lb",
                          "mopDeal": null,
                          "productBadge": null,
                          "productId": "20026161001_KG",
                          "productVendor": null,
                          "textBadge": "",
                          "inventoryIndicator": null,
                          "complementarySponsoredBadgeText": null,
                          "isVariant": false,
                          "productVariant": null,
                          "offerId": "OG",
                          "pricing": {
                            "wasPrice": null,
                            "mopDisplayPrice": null,
                            "displayPrice": "about $2.92",
                            "price": "2.92",
                            "memberOnlyPrice": null
                          },
                          "isSponsored": false
                        },
                        "productTiles_34": {
                          "deal": null,
                          "link": "/yellow-mini-potatoes/p/21247300001_EA",
                          "description": null,
                          "title": "Yellow Mini Potatoes",
                          "pcoDeal": null,
                          "offerType": "OG",
                          "uom": "EA",
                          "sponsoredCreative": null,
                          "productImage": {
                            "productImage_0": {
                              "smallUrl": "https://assets.shop.loblaws.ca/products/21247300001/b1/en/front/21247300001_front_a01_@2.png",
                              "smallRetinaUrl": "https://assets.shop.loblaws.ca/products/21247300001/b1/en/front/21247300001_front_a01_@2.png",
                              "mediumUrl": "https://assets.shop.loblaws.ca/products/21247300001/b3/en/front/21247300001_front_a06_@2.png",
                              "largeRetinaUrl": "https://assets.shop.loblaws.ca/products/21247300001/b2/en/front/21247300001_front_a06_@2.png",
                              "imageUrl": "https://assets.shop.loblaws.ca/products/21247300001/b2/en/front/21247300001_front_a06_@2.png",
                              "largeUrl": "https://assets.shop.loblaws.ca/products/21247300001/b2/en/front/21247300001_front_a06_@2.png",
                              "mediumRetinaUrl": "https://assets.shop.loblaws.ca/products/21247300001/b3/en/front/21247300001_front_a06_@2.png"
                            }
                          },
                          "articleNumber": "21247300001",
                          "variantTheme": null,
                          "action": null,
                          "pricingUnits": {
                            "unit": "ea",
                            "interval": 1,
                            "minOrderQuantity": 1,
                            "type": "SOLD_BY_EACH",
                            "weighted": false,
                            "maxOrderQuantity": 25
                          },
                          "isComplementarySponsored": false,
                          "brand": "President's Choice",
                          "packageSizing": "0.68 kg, $0.73/100g",
                          "mopDeal": null,
                          "productBadge": null,
                          "productId": "21247300001_EA",
                          "productVendor": null,
                          "textBadge": "",
                          "inventoryIndicator": null,
                          "complementarySponsoredBadgeText": null,
                          "isVariant": false,
                          "productVariant": null,
                          "offerId": "OG",
                          "pricing": {
                            "wasPrice": null,
                            "mopDisplayPrice": null,
                            "displayPrice": "$4.99",
                            "price": "4.99",
                            "memberOnlyPrice": null
                          },
                          "isSponsored": false
                        },
                        "productTiles_3": {
                          "deal": {
                            "expiryDate": "2024-06-05T00:00:00Z",
                            "name": "SALE",
                            "text": "SAVE $1.00",
                            "dealPrice": null,
                            "type": "SALE",
                            "points": 0
                          },
                          "link": "/romaine-heart-3-pack/p/20067389001_EA",
                          "description": "Romaine hearts are the yellowish leaves in the centre of romaine lettuce. Romaine hearts are smaller and sweeter than romaine bunches and can be enjoyed fresh or cooked. Use romaine hearts to make a classic Caesar salad or as a topping for burgers and sandwiches.",
                          "title": "Romaine Heart , 3 Pack",
                          "pcoDeal": null,
                          "offerType": "OG",
                          "uom": "EA",
                          "sponsoredCreative": null,
                          "productImage": {
                            "productImage_0": {
                              "smallUrl": "https://assets.shop.loblaws.ca/products/20067389001/b1/en/front/20067389001_front_a01_@2.png",
                              "smallRetinaUrl": "https://assets.shop.loblaws.ca/products/20067389001/b1/en/front/20067389001_front_a01_@2.png",
                              "mediumUrl": "https://assets.shop.loblaws.ca/products/20067389001/b3/en/front/20067389001_front_a06_@2.png",
                              "largeRetinaUrl": "https://assets.shop.loblaws.ca/products/20067389001/b2/en/front/20067389001_front_a06_@2.png",
                              "imageUrl": "https://assets.shop.loblaws.ca/products/20067389001/b2/en/front/20067389001_front_a06_@2.png",
                              "largeUrl": "https://assets.shop.loblaws.ca/products/20067389001/b2/en/front/20067389001_front_a06_@2.png",
                              "mediumRetinaUrl": "https://assets.shop.loblaws.ca/products/20067389001/b3/en/front/20067389001_front_a06_@2.png"
                            }
                          },
                          "articleNumber": "20067389001",
                          "variantTheme": null,
                          "action": null,
                          "pricingUnits": {
                            "unit": "ea",
                            "interval": 1,
                            "minOrderQuantity": 1,
                            "type": "SOLD_BY_EACH",
                            "weighted": false,
                            "maxOrderQuantity": 25
                          },
                          "isComplementarySponsored": false,
                          "brand": null,
                          "packageSizing": "3 pack, $1.66/1ea",
                          "mopDeal": null,
                          "productBadge": null,
                          "productId": "20067389001_EA",
                          "productVendor": null,
                          "textBadge": "",
                          "inventoryIndicator": null,
                          "complementarySponsoredBadgeText": null,
                          "isVariant": false,
                          "productVariant": null,
                          "offerId": "OG",
                          "pricing": {
                            "wasPrice": "$5.99",
                            "mopDisplayPrice": null,
                            "displayPrice": "$4.99",
                            "price": "4.99",
                            "memberOnlyPrice": null
                          },
                          "isSponsored": false
                        },
                        "productTiles_13": {
                          "deal": null,
                          "link": "/ginger/p/20179038001_KG",
                          "description": "Ginger (or gingerroot) has a tough tan skin and a fresh spicy fragrance. Ginger can be grated, slivered, or ground and its peppery flavour is used in a variety of dishes. Dried ground ginger has a very different taste and is not a suitable replacement for fresh. Peel gingerroot and add fresh to dressings and marinades, or cook in a stir-fry or soup.",
                          "title": "Ginger",
                          "pcoDeal": null,
                          "offerType": "OG",
                          "uom": "KG",
                          "sponsoredCreative": null,
                          "productImage": {
                            "productImage_0": {
                              "smallUrl": "https://assets.shop.loblaws.ca/products/20179038001/b1/en/front/20179038001_front_a01_@2.png",
                              "smallRetinaUrl": "https://assets.shop.loblaws.ca/products/20179038001/b1/en/front/20179038001_front_a01_@2.png",
                              "mediumUrl": "https://assets.shop.loblaws.ca/products/20179038001/b3/en/front/20179038001_front_a06_@2.png",
                              "largeRetinaUrl": "https://assets.shop.loblaws.ca/products/20179038001/b2/en/front/20179038001_front_a06_@2.png",
                              "imageUrl": "https://assets.shop.loblaws.ca/products/20179038001/b2/en/front/20179038001_front_a06_@2.png",
                              "largeUrl": "https://assets.shop.loblaws.ca/products/20179038001/b2/en/front/20179038001_front_a06_@2.png",
                              "mediumRetinaUrl": "https://assets.shop.loblaws.ca/products/20179038001/b3/en/front/20179038001_front_a06_@2.png"
                            }
                          },
                          "articleNumber": "20179038001",
                          "variantTheme": null,
                          "action": null,
                          "pricingUnits": {
                            "unit": "ea",
                            "interval": 1,
                            "minOrderQuantity": 1,
                            "type": "SOLD_BY_EACH_PRICED_BY_WEIGHT",
                            "weighted": false,
                            "maxOrderQuantity": 25
                          },
                          "isComplementarySponsored": false,
                          "brand": null,
                          "packageSizing": "$8.80/1kg $3.99/1lb",
                          "mopDeal": null,
                          "productBadge": null,
                          "productId": "20179038001_KG",
                          "productVendor": null,
                          "textBadge": "",
                          "inventoryIndicator": null,
                          "complementarySponsoredBadgeText": null,
                          "isVariant": false,
                          "productVariant": null,
                          "offerId": "OG",
                          "pricing": {
                            "wasPrice": null,
                            "mopDisplayPrice": null,
                            "displayPrice": "about $1.85",
                            "price": "1.85",
                            "memberOnlyPrice": null
                          },
                          "isSponsored": false
                        },
                        "productTiles_35": {
                          "deal": {
                            "expiryDate": "2024-06-05T00:00:00Z",
                            "name": "SALE",
                            "text": "SAVE $0.55",
                            "dealPrice": null,
                            "type": "SALE",
                            "points": 0
                          },
                          "link": "/greenhouse-peppers-yellow/p/20141814001_KG",
                          "description": "Yellow bell peppers have a bright yellow skin and mild, sweet flavour. Their flesh is crisp and juicy, perfect for enjoying raw with dips or hummus. Yellow bell peppers will add some colour to your stir-fry, or remove the tops and seeds to make stuffed bell peppers.",
                          "title": "Greenhouse Peppers, Yellow",
                          "pcoDeal": null,
                          "offerType": "OG",
                          "uom": "KG",
                          "sponsoredCreative": null,
                          "productImage": {
                            "productImage_0": {
                              "smallUrl": "https://assets.shop.loblaws.ca/products/20141814001/b1/en/front/20141814001_front_a01_@2.png",
                              "smallRetinaUrl": "https://assets.shop.loblaws.ca/products/20141814001/b1/en/front/20141814001_front_a01_@2.png",
                              "mediumUrl": "https://assets.shop.loblaws.ca/products/20141814001/b3/en/front/20141814001_front_a06_@2.png",
                              "largeRetinaUrl": "https://assets.shop.loblaws.ca/products/20141814001/b2/en/front/20141814001_front_a06_@2.png",
                              "imageUrl": "https://assets.shop.loblaws.ca/products/20141814001/b2/en/front/20141814001_front_a06_@2.png",
                              "largeUrl": "https://assets.shop.loblaws.ca/products/20141814001/b2/en/front/20141814001_front_a06_@2.png",
                              "mediumRetinaUrl": "https://assets.shop.loblaws.ca/products/20141814001/b3/en/front/20141814001_front_a06_@2.png"
                            }
                          },
                          "articleNumber": "20141814001",
                          "variantTheme": null,
                          "action": null,
                          "pricingUnits": {
                            "unit": "ea",
                            "interval": 1,
                            "minOrderQuantity": 1,
                            "type": "SOLD_BY_EACH_PRICED_BY_WEIGHT",
                            "weighted": false,
                            "maxOrderQuantity": 25
                          },
                          "isComplementarySponsored": false,
                          "brand": null,
                          "packageSizing": "$8.80/1kg $3.99/1lb",
                          "mopDeal": null,
                          "productBadge": null,
                          "productId": "20141814001_KG",
                          "productVendor": null,
                          "textBadge": "",
                          "inventoryIndicator": null,
                          "complementarySponsoredBadgeText": null,
                          "isVariant": false,
                          "productVariant": null,
                          "offerId": "OG",
                          "pricing": {
                            "wasPrice": "$2.75",
                            "mopDisplayPrice": null,
                            "displayPrice": "about $2.20",
                            "price": "2.20",
                            "memberOnlyPrice": null
                          },
                          "isSponsored": false
                        },
                        "productTiles_2": {
                          "deal": null,
                          "link": "/celery-stalks/p/20163119001_EA",
                          "description": "Celery has a cluster of pale green leaved ribs surrounding a heart (inner ribs). Trimmed celery leaves can be used as a garnish or added to a mixed greens salad. Enjoy celery on its own or with dip as a snack, or chop for soups, stews, or a sandwich.",
                          "title": "Celery Stalks",
                          "pcoDeal": null,
                          "offerType": "OG",
                          "uom": "EA",
                          "sponsoredCreative": null,
                          "productImage": {
                            "productImage_0": {
                              "smallUrl": "https://assets.shop.loblaws.ca/products/20163119001/b1/en/front/20163119001_front_a01_@2.png",
                              "smallRetinaUrl": "https://assets.shop.loblaws.ca/products/20163119001/b1/en/front/20163119001_front_a01_@2.png",
                              "mediumUrl": "https://assets.shop.loblaws.ca/products/20163119001/b3/en/front/20163119001_front_a06_@2.png",
                              "largeRetinaUrl": "https://assets.shop.loblaws.ca/products/20163119001/b2/en/front/20163119001_front_a06_@2.png",
                              "imageUrl": "https://assets.shop.loblaws.ca/products/20163119001/b2/en/front/20163119001_front_a06_@2.png",
                              "largeUrl": "https://assets.shop.loblaws.ca/products/20163119001/b2/en/front/20163119001_front_a06_@2.png",
                              "mediumRetinaUrl": "https://assets.shop.loblaws.ca/products/20163119001/b3/en/front/20163119001_front_a06_@2.png"
                            }
                          },
                          "articleNumber": "20163119001",
                          "variantTheme": null,
                          "action": null,
                          "pricingUnits": {
                            "unit": "ea",
                            "interval": 1,
                            "minOrderQuantity": 1,
                            "type": "SOLD_BY_EACH",
                            "weighted": false,
                            "maxOrderQuantity": 25
                          },
                          "isComplementarySponsored": false,
                          "brand": null,
                          "packageSizing": "1 ea, $3.99/1ea",
                          "mopDeal": null,
                          "productBadge": null,
                          "productId": "20163119001_EA",
                          "productVendor": null,
                          "textBadge": "",
                          "inventoryIndicator": null,
                          "complementarySponsoredBadgeText": null,
                          "isVariant": false,
                          "productVariant": null,
                          "offerId": "OG",
                          "pricing": {
                            "wasPrice": null,
                            "mopDisplayPrice": null,
                            "displayPrice": "$3.99",
                            "price": "3.99",
                            "memberOnlyPrice": null
                          },
                          "isSponsored": false
                        },
                        "productTiles_10": {
                          "deal": null,
                          "link": "/sweet-green-peppers/p/20425893001_KG",
                          "description": "Green bell peppers have a bright green skin and mild, sweet flavour. Their flesh is crisp and juicy, perfect for enjoying raw with dips or hummus. Green bell peppers will add some colour to your stir-fry, or remove the tops and seeds to make stuffed bell peppers.",
                          "title": "Sweet Green Peppers",
                          "pcoDeal": null,
                          "offerType": "OG",
                          "uom": "KG",
                          "sponsoredCreative": null,
                          "productImage": {
                            "productImage_0": {
                              "smallUrl": "https://assets.shop.loblaws.ca/products/20425893001/b1/en/front/20425893001_front_a01_@2.png",
                              "smallRetinaUrl": "https://assets.shop.loblaws.ca/products/20425893001/b1/en/front/20425893001_front_a01_@2.png",
                              "mediumUrl": "https://assets.shop.loblaws.ca/products/20425893001/b3/en/front/20425893001_front_a06_@2.png",
                              "largeRetinaUrl": "https://assets.shop.loblaws.ca/products/20425893001/b2/en/front/20425893001_front_a06_@2.png",
                              "imageUrl": "https://assets.shop.loblaws.ca/products/20425893001/b2/en/front/20425893001_front_a06_@2.png",
                              "largeUrl": "https://assets.shop.loblaws.ca/products/20425893001/b2/en/front/20425893001_front_a06_@2.png",
                              "mediumRetinaUrl": "https://assets.shop.loblaws.ca/products/20425893001/b3/en/front/20425893001_front_a06_@2.png"
                            }
                          },
                          "articleNumber": "20425893001",
                          "variantTheme": null,
                          "action": null,
                          "pricingUnits": {
                            "unit": "ea",
                            "interval": 1,
                            "minOrderQuantity": 1,
                            "type": "SOLD_BY_EACH_PRICED_BY_WEIGHT",
                            "weighted": false,
                            "maxOrderQuantity": 25
                          },
                          "isComplementarySponsored": false,
                          "brand": null,
                          "packageSizing": "$8.80/1kg $3.99/1lb",
                          "mopDeal": null,
                          "productBadge": null,
                          "productId": "20425893001_KG",
                          "productVendor": null,
                          "textBadge": "",
                          "inventoryIndicator": null,
                          "complementarySponsoredBadgeText": null,
                          "isVariant": false,
                          "productVariant": null,
                          "offerId": "OG",
                          "pricing": {
                            "wasPrice": null,
                            "mopDisplayPrice": null,
                            "displayPrice": "about $2.46",
                            "price": "2.46",
                            "memberOnlyPrice": null
                          },
                          "isSponsored": false
                        },
                        "productTiles_32": {
                          "deal": null,
                          "link": "/kale/p/20138805001_EA",
                          "description": "Kale is a cruciferous vegetable with loosely bunched green leaves and thick centre stalks. It has a mild flavour that is similar to cabbage and becomes sweeter when cooked. Add raw kale to salads and smoothies, sauté with lemon as a side dish, or add to soup with cannellini beans and sausage.",
                          "title": "Kale",
                          "pcoDeal": null,
                          "offerType": "OG",
                          "uom": "EA",
                          "sponsoredCreative": null,
                          "productImage": {
                            "productImage_0": {
                              "smallUrl": "https://assets.shop.loblaws.ca/products/20138805001/b1/en/front/20138805001_front_a01_@2.png",
                              "smallRetinaUrl": "https://assets.shop.loblaws.ca/products/20138805001/b1/en/front/20138805001_front_a01_@2.png",
                              "mediumUrl": "https://assets.shop.loblaws.ca/products/20138805001/b3/en/front/20138805001_front_a06_@2.png",
                              "largeRetinaUrl": "https://assets.shop.loblaws.ca/products/20138805001/b2/en/front/20138805001_front_a06_@2.png",
                              "imageUrl": "https://assets.shop.loblaws.ca/products/20138805001/b2/en/front/20138805001_front_a06_@2.png",
                              "largeUrl": "https://assets.shop.loblaws.ca/products/20138805001/b2/en/front/20138805001_front_a06_@2.png",
                              "mediumRetinaUrl": "https://assets.shop.loblaws.ca/products/20138805001/b3/en/front/20138805001_front_a06_@2.png"
                            }
                          },
                          "articleNumber": "20138805001",
                          "variantTheme": null,
                          "action": null,
                          "pricingUnits": {
                            "unit": "ea",
                            "interval": 1,
                            "minOrderQuantity": 1,
                            "type": "SOLD_BY_EACH",
                            "weighted": false,
                            "maxOrderQuantity": 25
                          },
                          "isComplementarySponsored": false,
                          "brand": null,
                          "packageSizing": "1 ea, $3.99/1ea",
                          "mopDeal": null,
                          "productBadge": null,
                          "productId": "20138805001_EA",
                          "productVendor": null,
                          "textBadge": "",
                          "inventoryIndicator": null,
                          "complementarySponsoredBadgeText": null,
                          "isVariant": false,
                          "productVariant": null,
                          "offerId": "OG",
                          "pricing": {
                            "wasPrice": null,
                            "mopDisplayPrice": null,
                            "displayPrice": "$3.99",
                            "price": "3.99",
                            "memberOnlyPrice": null
                          },
                          "isSponsored": false
                        },
                        "productTiles_1": {
                          "deal": null,
                          "link": "/green-onion/p/20107500001_EA",
                          "description": "Green onions have a firm white base with a small rounded bulb and crisp bright green tops. Scallions are similar but have a straighter white base and slightly milder flavour. Chop fresh green onions for salads or pair with mushrooms for a tart or omelette.",
                          "title": "Green Onion",
                          "pcoDeal": null,
                          "offerType": "OG",
                          "uom": "EA",
                          "sponsoredCreative": null,
                          "productImage": {
                            "productImage_0": {
                              "smallUrl": "https://assets.shop.loblaws.ca/products/20107500001/b1/en/front/20107500001_front_a01_@2.png",
                              "smallRetinaUrl": "https://assets.shop.loblaws.ca/products/20107500001/b1/en/front/20107500001_front_a01_@2.png",
                              "mediumUrl": "https://assets.shop.loblaws.ca/products/20107500001/b3/en/front/20107500001_front_a06_@2.png",
                              "largeRetinaUrl": "https://assets.shop.loblaws.ca/products/20107500001/b2/en/front/20107500001_front_a06_@2.png",
                              "imageUrl": "https://assets.shop.loblaws.ca/products/20107500001/b2/en/front/20107500001_front_a06_@2.png",
                              "largeUrl": "https://assets.shop.loblaws.ca/products/20107500001/b2/en/front/20107500001_front_a06_@2.png",
                              "mediumRetinaUrl": "https://assets.shop.loblaws.ca/products/20107500001/b3/en/front/20107500001_front_a06_@2.png"
                            }
                          },
                          "articleNumber": "20107500001",
                          "variantTheme": null,
                          "action": null,
                          "pricingUnits": {
                            "unit": "ea",
                            "interval": 1,
                            "minOrderQuantity": 1,
                            "type": "SOLD_BY_EACH",
                            "weighted": false,
                            "maxOrderQuantity": 25
                          },
                          "isComplementarySponsored": false,
                          "brand": null,
                          "packageSizing": "1 bunch, $1.99/1ea",
                          "mopDeal": null,
                          "productBadge": null,
                          "productId": "20107500001_EA",
                          "productVendor": null,
                          "textBadge": "",
                          "inventoryIndicator": null,
                          "complementarySponsoredBadgeText": null,
                          "isVariant": false,
                          "productVariant": null,
                          "offerId": "OG",
                          "pricing": {
                            "wasPrice": null,
                            "mopDisplayPrice": null,
                            "displayPrice": "$1.99",
                            "price": "1.99",
                            "memberOnlyPrice": null
                          },
                          "isSponsored": false
                        },
                        "productTiles_11": {
                          "deal": null,
                          "link": "/broccoli/p/20145621001_EA",
                          "description": "Broccoli is a cruciferous vegetable that comes in a tight cluster of florets on top of firm, edible stalks. It is deep green in colour, sometimes with a tinge of purple. Add raw broccoli florets to your next vegetable platter or pair with cheddar cheese for a quiche.",
                          "title": "Broccoli",
                          "pcoDeal": null,
                          "offerType": "OG",
                          "uom": "EA",
                          "sponsoredCreative": null,
                          "productImage": {
                            "productImage_0": {
                              "smallUrl": "https://assets.shop.loblaws.ca/products/20145621001/b1/en/front/20145621001_front_a01_@2.png",
                              "smallRetinaUrl": "https://assets.shop.loblaws.ca/products/20145621001/b1/en/front/20145621001_front_a01_@2.png",
                              "mediumUrl": "https://assets.shop.loblaws.ca/products/20145621001/b3/en/front/20145621001_front_a06_@2.png",
                              "largeRetinaUrl": "https://assets.shop.loblaws.ca/products/20145621001/b2/en/front/20145621001_front_a06_@2.png",
                              "imageUrl": "https://assets.shop.loblaws.ca/products/20145621001/b2/en/front/20145621001_front_a06_@2.png",
                              "largeUrl": "https://assets.shop.loblaws.ca/products/20145621001/b2/en/front/20145621001_front_a06_@2.png",
                              "mediumRetinaUrl": "https://assets.shop.loblaws.ca/products/20145621001/b3/en/front/20145621001_front_a06_@2.png"
                            }
                          },
                          "articleNumber": "20145621001",
                          "variantTheme": null,
                          "action": null,
                          "pricingUnits": {
                            "unit": "ea",
                            "interval": 1,
                            "minOrderQuantity": 1,
                            "type": "SOLD_BY_EACH",
                            "weighted": false,
                            "maxOrderQuantity": 25
                          },
                          "isComplementarySponsored": false,
                          "brand": null,
                          "packageSizing": "1 ea, $3.99/1ea",
                          "mopDeal": null,
                          "productBadge": null,
                          "productId": "20145621001_EA",
                          "productVendor": null,
                          "textBadge": "",
                          "inventoryIndicator": null,
                          "complementarySponsoredBadgeText": null,
                          "isVariant": false,
                          "productVariant": null,
                          "offerId": "OG",
                          "pricing": {
                            "wasPrice": null,
                            "mopDisplayPrice": null,
                            "displayPrice": "$3.99",
                            "price": "3.99",
                            "memberOnlyPrice": null
                          },
                          "isSponsored": false
                        },
                        "productTiles_33": {
                          "deal": null,
                          "link": "/white-onion/p/20003839001_KG",
                          "description": "White onions have a white papery skin and white sharp-tasting flesh. They can be used raw and hold their crunch well when cooked. Chop for salsas and chutneys, or slice and grill with bell peppers for a quick side dish to serve with steak.",
                          "title": "White Onion",
                          "pcoDeal": null,
                          "offerType": "OG",
                          "uom": "KG",
                          "sponsoredCreative": null,
                          "productImage": {
                            "productImage_0": {
                              "smallUrl": "https://assets.shop.loblaws.ca/products/20003839001/b1/en/front/20003839001_front_a01_@2.png",
                              "smallRetinaUrl": "https://assets.shop.loblaws.ca/products/20003839001/b1/en/front/20003839001_front_a01_@2.png",
                              "mediumUrl": "https://assets.shop.loblaws.ca/products/20003839001/b3/en/front/20003839001_front_a06_@2.png",
                              "largeRetinaUrl": "https://assets.shop.loblaws.ca/products/20003839001/b2/en/front/20003839001_front_a06_@2.png",
                              "imageUrl": "https://assets.shop.loblaws.ca/products/20003839001/b2/en/front/20003839001_front_a06_@2.png",
                              "largeUrl": "https://assets.shop.loblaws.ca/products/20003839001/b2/en/front/20003839001_front_a06_@2.png",
                              "mediumRetinaUrl": "https://assets.shop.loblaws.ca/products/20003839001/b3/en/front/20003839001_front_a06_@2.png"
                            }
                          },
                          "articleNumber": "20003839001",
                          "variantTheme": null,
                          "action": null,
                          "pricingUnits": {
                            "unit": "ea",
                            "interval": 1,
                            "minOrderQuantity": 1,
                            "type": "SOLD_BY_EACH_PRICED_BY_WEIGHT",
                            "weighted": false,
                            "maxOrderQuantity": 25
                          },
                          "isComplementarySponsored": false,
                          "brand": null,
                          "packageSizing": "$8.80/1kg $3.99/1lb",
                          "mopDeal": null,
                          "productBadge": null,
                          "productId": "20003839001_KG",
                          "productVendor": null,
                          "textBadge": "low-inventory",
                          "inventoryIndicator": {
                            "indicatorId": "LOW",
                            "text": "Low Stock"
                          },
                          "complementarySponsoredBadgeText": null,
                          "isVariant": false,
                          "productVariant": null,
                          "offerId": "OG",
                          "pricing": {
                            "wasPrice": null,
                            "mopDisplayPrice": null,
                            "displayPrice": "about $3.26",
                            "price": "3.26",
                            "memberOnlyPrice": null
                          },
                          "isSponsored": false
                        },
                        "productTiles_18": {
                          "deal": null,
                          "link": "/sweet-potato/p/20127708001_KG",
                          "description": "Sweet potatoes have a thick dark orange skin and sweet orange flesh. Yams are similar in size and shape but are not related to the sweet potato at all. Use sweet potatoes instead of regular potatoes for fries and chips or make a classic sweet potato pie.",
                          "title": "Sweet Potato",
                          "pcoDeal": null,
                          "offerType": "OG",
                          "uom": "KG",
                          "sponsoredCreative": null,
                          "productImage": {
                            "productImage_0": {
                              "smallUrl": "https://assets.shop.loblaws.ca/products/20127708001/b1/en/front/20127708001_front_a01_@2.png",
                              "smallRetinaUrl": "https://assets.shop.loblaws.ca/products/20127708001/b1/en/front/20127708001_front_a01_@2.png",
                              "mediumUrl": "https://assets.shop.loblaws.ca/products/20127708001/b3/en/front/20127708001_front_a06_@2.png",
                              "largeRetinaUrl": "https://assets.shop.loblaws.ca/products/20127708001/b2/en/front/20127708001_front_a06_@2.png",
                              "imageUrl": "https://assets.shop.loblaws.ca/products/20127708001/b2/en/front/20127708001_front_a06_@2.png",
                              "largeUrl": "https://assets.shop.loblaws.ca/products/20127708001/b2/en/front/20127708001_front_a06_@2.png",
                              "mediumRetinaUrl": "https://assets.shop.loblaws.ca/products/20127708001/b3/en/front/20127708001_front_a06_@2.png"
                            }
                          },
                          "articleNumber": "20127708001",
                          "variantTheme": null,
                          "action": null,
                          "pricingUnits": {
                            "unit": "ea",
                            "interval": 1,
                            "minOrderQuantity": 1,
                            "type": "SOLD_BY_EACH_PRICED_BY_WEIGHT",
                            "weighted": false,
                            "maxOrderQuantity": 25
                          },
                          "isComplementarySponsored": false,
                          "brand": null,
                          "packageSizing": "$4.39/1kg $1.99/1lb",
                          "mopDeal": null,
                          "productBadge": null,
                          "productId": "20127708001_KG",
                          "productVendor": null,
                          "textBadge": "",
                          "inventoryIndicator": null,
                          "complementarySponsoredBadgeText": null,
                          "isVariant": false,
                          "productVariant": null,
                          "offerId": "OG",
                          "pricing": {
                            "wasPrice": null,
                            "mopDisplayPrice": null,
                            "displayPrice": "about $2.77",
                            "price": "2.77",
                            "memberOnlyPrice": null
                          },
                          "isSponsored": false
                        },
                        "productTiles_9": {
                          "deal": {
                            "expiryDate": "2024-06-05T00:00:00Z",
                            "name": "SALE",
                            "text": "SAVE $0.05",
                            "dealPrice": null,
                            "type": "SALE",
                            "points": 0
                          },
                          "link": "/roma-tomatoes/p/20143381001_KG",
                          "description": "Roma (or plum) tomatoes are egg-shaped  and narrow with a thick red skin and meaty texture. Because they have few seeds and a sweet flavour, Roma tomatoes are a popular choice for making tomato paste and sauce. They can also be used raw in salads or roasted for lasagna and pasta.",
                          "title": "Roma Tomatoes",
                          "pcoDeal": null,
                          "offerType": "OG",
                          "uom": "KG",
                          "sponsoredCreative": null,
                          "productImage": {
                            "productImage_0": {
                              "smallUrl": "https://assets.shop.loblaws.ca/products/20143381001/b1/en/front/20143381001_front_a01_@2.png",
                              "smallRetinaUrl": "https://assets.shop.loblaws.ca/products/20143381001/b1/en/front/20143381001_front_a01_@2.png",
                              "mediumUrl": "https://assets.shop.loblaws.ca/products/20143381001/b3/en/front/20143381001_front_a06_@2.png",
                              "largeRetinaUrl": "https://assets.shop.loblaws.ca/products/20143381001/b2/en/front/20143381001_front_a06_@2.png",
                              "imageUrl": "https://assets.shop.loblaws.ca/products/20143381001/b2/en/front/20143381001_front_a06_@2.png",
                              "largeUrl": "https://assets.shop.loblaws.ca/products/20143381001/b2/en/front/20143381001_front_a06_@2.png",
                              "mediumRetinaUrl": "https://assets.shop.loblaws.ca/products/20143381001/b3/en/front/20143381001_front_a06_@2.png"
                            }
                          },
                          "articleNumber": "20143381001",
                          "variantTheme": null,
                          "action": null,
                          "pricingUnits": {
                            "unit": "ea",
                            "interval": 1,
                            "minOrderQuantity": 1,
                            "type": "SOLD_BY_EACH_PRICED_BY_WEIGHT",
                            "weighted": false,
                            "maxOrderQuantity": 25
                          },
                          "isComplementarySponsored": false,
                          "brand": null,
                          "packageSizing": "$5.49/1kg $2.49/1lb",
                          "mopDeal": null,
                          "productBadge": null,
                          "productId": "20143381001_KG",
                          "productVendor": null,
                          "textBadge": "",
                          "inventoryIndicator": null,
                          "complementarySponsoredBadgeText": null,
                          "isVariant": false,
                          "productVariant": null,
                          "offerId": "OG",
                          "pricing": {
                            "wasPrice": "$0.71",
                            "mopDisplayPrice": null,
                            "displayPrice": "about $0.66",
                            "price": "0.66",
                            "memberOnlyPrice": null
                          },
                          "isSponsored": false
                        },
                        "productTiles_19": {
                          "deal": null,
                          "link": "/english-cucumber-3ct/p/20828461001_EA",
                          "description": "English (or hothouse) cucumbers are cylindrical green-skinned fruit with a crisp white flesh and edible seeds. English cucumbers are typically enjoyed raw and can be peeled or eaten with the skin on. Add sliced cucumber to your next vegetable platter or toss with mint and lemon juice for a refreshing salad.",
                          "title": "English Cucumber 3Ct    ",
                          "pcoDeal": null,
                          "offerType": "OG",
                          "uom": "EA",
                          "sponsoredCreative": null,
                          "productImage": {
                            "productImage_1": {
                              "smallUrl": "https://assets.shop.loblaws.ca/products/20828461001/b1/en/open/20828461001_open_a01_@2.png",
                              "smallRetinaUrl": "https://assets.shop.loblaws.ca/products/20828461001/b1/en/open/20828461001_open_a01_@2.png",
                              "mediumUrl": "https://assets.shop.loblaws.ca/products/20828461001/b3/en/open/20828461001_open_a06_@2.png",
                              "largeRetinaUrl": "https://assets.shop.loblaws.ca/products/20828461001/b2/en/open/20828461001_open_a06_@2.png",
                              "imageUrl": "https://assets.shop.loblaws.ca/products/20828461001/b2/en/open/20828461001_open_a06_@2.png",
                              "largeUrl": "https://assets.shop.loblaws.ca/products/20828461001/b2/en/open/20828461001_open_a06_@2.png",
                              "mediumRetinaUrl": "https://assets.shop.loblaws.ca/products/20828461001/b3/en/open/20828461001_open_a06_@2.png"
                            },
                            "productImage_0": {
                              "smallUrl": "https://assets.shop.loblaws.ca/products/20828461001/b1/en/front/20828461001_front_a01_@2.png",
                              "smallRetinaUrl": "https://assets.shop.loblaws.ca/products/20828461001/b1/en/front/20828461001_front_a01_@2.png",
                              "mediumUrl": "https://assets.shop.loblaws.ca/products/20828461001/b3/en/front/20828461001_front_a06_@2.png",
                              "largeRetinaUrl": "https://assets.shop.loblaws.ca/products/20828461001/b2/en/front/20828461001_front_a06_@2.png",
                              "imageUrl": "https://assets.shop.loblaws.ca/products/20828461001/b2/en/front/20828461001_front_a06_@2.png",
                              "largeUrl": "https://assets.shop.loblaws.ca/products/20828461001/b2/en/front/20828461001_front_a06_@2.png",
                              "mediumRetinaUrl": "https://assets.shop.loblaws.ca/products/20828461001/b3/en/front/20828461001_front_a06_@2.png"
                            }
                          },
                          "articleNumber": "20828461001",
                          "variantTheme": null,
                          "action": null,
                          "pricingUnits": {
                            "unit": "ea",
                            "interval": 1,
                            "minOrderQuantity": 1,
                            "type": "SOLD_BY_EACH",
                            "weighted": false,
                            "maxOrderQuantity": 25
                          },
                          "isComplementarySponsored": false,
                          "brand": "Farmer's Market",
                          "packageSizing": "3 pack, $1.33/1ea",
                          "mopDeal": null,
                          "productBadge": null,
                          "productId": "20828461001_EA",
                          "productVendor": null,
                          "textBadge": "out-of-stock",
                          "inventoryIndicator": {
                            "indicatorId": "OUT",
                            "text": "Out of Stock"
                          },
                          "complementarySponsoredBadgeText": null,
                          "isVariant": false,
                          "productVariant": null,
                          "offerId": "OG",
                          "pricing": {
                            "wasPrice": null,
                            "mopDisplayPrice": null,
                            "displayPrice": "$3.99",
                            "price": "3.99",
                            "memberOnlyPrice": null
                          },
                          "isSponsored": false
                        }
                      }
                    },
                    "noResultsText": 123,
                    "adAlignment2": null,
                    "categoryNavigation": {
                      "navigation": {
                        "displayName": "Fresh Vegetables",
                        "childNodes": {
                          "childNodes_0": {
                            "displayName": "See All",
                            "childNodes": null,
                            "active": null,
                            "url": "/food/fruits-vegetables/fresh-vegetables/c/28195"
                          },
                          "childNodes_1": {
                            "displayName": "Carrots, Radish & Root Vegetables",
                            "childNodes": null,
                            "active": null,
                            "url": "/food/fruits-vegetables/fresh-vegetables/carrots-radish-root-vegetables/c/29593"
                          },
                          "childNodes_2": {
                            "displayName": "Ginger & Garlic",
                            "childNodes": null,
                            "active": null,
                            "url": "/food/fruits-vegetables/fresh-vegetables/ginger-garlic/c/29594"
                          },
                          "childNodes_13": {
                            "displayName": "Potatos & Onions",
                            "childNodes": null,
                            "active": null,
                            "url": "/food/fruits-vegetables/fresh-vegetables/potatos-onions/c/29617"
                          },
                          "childNodes_3": {
                            "displayName": "Squash & Pumpkin",
                            "childNodes": null,
                            "active": null,
                            "url": "/food/fruits-vegetables/fresh-vegetables/squash-pumpkin/c/29595"
                          },
                          "childNodes_4": {
                            "displayName": "Asparagus & Artichokes",
                            "childNodes": null,
                            "active": null,
                            "url": "/food/fruits-vegetables/fresh-vegetables/asparagus-artichokes/c/29596"
                          },
                          "childNodes_5": {
                            "displayName": "Peas, Beans & Corn",
                            "childNodes": null,
                            "active": null,
                            "url": "/food/fruits-vegetables/fresh-vegetables/peas-beans-corn/c/29597"
                          },
                          "childNodes_6": {
                            "displayName": "International & Specialty Vegetables",
                            "childNodes": null,
                            "active": null,
                            "url": "/food/fruits-vegetables/fresh-vegetables/international-specialty-vegetables/c/29598"
                          },
                          "childNodes_7": {
                            "displayName": "Broccoli, Cabbage & Cauliflower",
                            "childNodes": null,
                            "active": null,
                            "url": "/food/fruits-vegetables/fresh-vegetables/broccoli-cabbage-cauliflower/c/29611"
                          },
                          "childNodes_10": {
                            "displayName": "Mushrooms",
                            "childNodes": null,
                            "active": null,
                            "url": "/food/fruits-vegetables/fresh-vegetables/mushrooms/c/29614"
                          },
                          "childNodes_8": {
                            "displayName": "Lettuce & Leafy Vegetables",
                            "childNodes": null,
                            "active": null,
                            "url": "/food/fruits-vegetables/fresh-vegetables/lettuce-leafy-vegetables/c/29612"
                          },
                          "childNodes_11": {
                            "displayName": "Cucumber, Celery & Leeks",
                            "childNodes": null,
                            "active": null,
                            "url": "/food/fruits-vegetables/fresh-vegetables/cucumber-celery-leeks/c/29615"
                          },
                          "childNodes_9": {
                            "displayName": "Tomatoes & Peppers",
                            "childNodes": null,
                            "active": null,
                            "url": "/food/fruits-vegetables/fresh-vegetables/tomatoes-peppers/c/29613"
                          },
                          "childNodes_12": {
                            "displayName": "Eggplant & Zucchini",
                            "childNodes": null,
                            "active": null,
                            "url": "/food/fruits-vegetables/fresh-vegetables/eggplant-zucchini/c/29616"
                          }
                        },
                        "parentNode": {
                          "displayName": "Fruits & Vegetables",
                          "childNodes": null,
                          "active": null,
                          "url": "/food/fruits-vegetables/c/28000"
                        },
                        "url": "/food/fruits-vegetables/fresh-vegetables/c/28195"
                      },
                      "headline": null
                    },
                    "disclaimerText": "Prices are subject to change based on offers available at pickup time. Your total and receipt will reflect any changes.",
                    "adAlignment1": null,
                    "headline": "Fresh Vegetables",
                    "sorts": {
                      "sorts_1": {
                        "code": "price-asc",
                        "name": "Price (Low to High)",
                        "selected": false
                      },
                      "sorts_0": {
                        "code": "recommended",
                        "name": "Relevance",
                        "selected": true
                      },
                      "sorts_4": {
                        "code": "newest-desc",
                        "name": "Newest to Oldest Products",
                        "selected": false
                      },
                      "sorts_3": {
                        "code": "name-asc",
                        "name": "A-Z (alphabetical)",
                        "selected": false
                      },
                      "sorts_2": {
                        "code": "price-desc",
                        "name": "Price (High to Low)",
                        "selected": false
                      }
                    },
                    "breadcrumbs": {
                      "breadcrumbs_0": {
                        "text": "Food",
                        "url": "/food/c/27985"
                      },
                      "breadcrumbs_2": {
                        "text": "Fresh Vegetables",
                        "url": null
                      },
                      "breadcrumbs_1": {
                        "text": "Fruits & Vegetables",
                        "url": "/food/fruits-vegetables/c/28000"
                      }
                    },
                    "filterGroups": {
                      "filterGroups_1": {
                        "code": "promotions",
                        "values": {
                          "values_0": {
                            "code": "$1,$2,$3,$4,$5",
                            "name": "$1,$2,$3,$4,$5",
                            "count": 9,
                            "disabled": null,
                            "selected": false
                          },
                          "values_1": {
                            "code": "Price Reduction",
                            "name": "Price Reduction",
                            "count": 9,
                            "disabled": null,
                            "selected": false
                          },
                          "values_2": {
                            "code": "Multi-Buy",
                            "name": "Multi-Buy",
                            "count": 3,
                            "disabled": null,
                            "selected": false
                          }
                        },
                        "name": "Deals",
                        "multiSelect": true
                      },
                      "filterGroups_2": {
                        "code": "price ranges",
                        "values": {
                          "values_0": {
                            "code": "$1 and under",
                            "name": "$1 and under",
                            "count": 5,
                            "disabled": null,
                            "selected": false
                          },
                          "values_3": {
                            "code": "$4 and under",
                            "name": "$4 and under",
                            "count": 86,
                            "disabled": null,
                            "selected": false
                          },
                          "values_4": {
                            "code": "$5 and under",
                            "name": "$5 and under",
                            "count": 126,
                            "disabled": null,
                            "selected": false
                          },
                          "values_1": {
                            "code": "$2 and under",
                            "name": "$2 and under",
                            "count": 21,
                            "disabled": null,
                            "selected": false
                          },
                          "values_2": {
                            "code": "$3 and under",
                            "name": "$3 and under",
                            "count": 41,
                            "disabled": null,
                            "selected": false
                          },
                          "values_7": {
                            "code": "$15-$20",
                            "name": "$15-$20",
                            "count": 1,
                            "disabled": null,
                            "selected": false
                          },
                          "values_5": {
                            "code": "$5-$10",
                            "name": "$5-$10",
                            "count": 69,
                            "disabled": null,
                            "selected": false
                          },
                          "values_6": {
                            "code": "$10-$15",
                            "name": "$10-$15",
                            "count": 2,
                            "disabled": null,
                            "selected": false
                          }
                        },
                        "name": "Price",
                        "multiSelect": true
                      },
                      "filterGroups_0": {
                        "code": "productBrand",
                        "values": {
                          "values_0": {
                            "code": "N",
                            "name": "No Name",
                            "count": 1,
                            "disabled": null,
                            "selected": false
                          },
                          "values_3": {
                            "code": "ROO",
                            "name": "Rooster",
                            "count": 1,
                            "disabled": null,
                            "selected": false
                          },
                          "values_4": {
                            "code": "FM",
                            "name": "Farmer's Market",
                            "count": 16,
                            "disabled": null,
                            "selected": false
                          },
                          "values_1": {
                            "code": "BTYC",
                            "name": "Betty Crocker",
                            "count": 1,
                            "disabled": null,
                            "selected": false
                          },
                          "values_2": {
                            "code": "PO",
                            "name": "PC Organics",
                            "count": 32,
                            "disabled": null,
                            "selected": false
                          },
                          "values_7": {
                            "code": "TLPC",
                            "name": "The Little Potato Company",
                            "count": 1,
                            "disabled": null,
                            "selected": false
                          },
                          "values_5": {
                            "code": "P",
                            "name": "President's Choice",
                            "count": 17,
                            "disabled": null,
                            "selected": false
                          },
                          "values_6": {
                            "code": "MNNS",
                            "name": "Manns",
                            "count": 2,
                            "disabled": null,
                            "selected": false
                          }
                        },
                        "name": "Brand",
                        "multiSelect": true
                      },
                      "filterGroups_3": {
                        "code": "dietaryCallouts",
                        "values": {
                          "values_0": {
                            "code": "peanut_free",
                            "name": "Peanut Free Facility",
                            "count": 1,
                            "disabled": null,
                            "selected": false
                          },
                          "values_1": {
                            "code": "gluten_free",
                            "name": "Gluten Free",
                            "count": 1,
                            "disabled": null,
                            "selected": false
                          },
                          "values_2": {
                            "code": "organic",
                            "name": "Organic",
                            "count": 1,
                            "disabled": null,
                            "selected": false
                          }
                        },
                        "name": "Dietary & Lifestyle",
                        "multiSelect": true
                      }
                    }
                  },
                  "contentId": "4wQbigEC28rot8QSzTyVbt",
                  "variantId": null,
                  "id": "4wQbigEC28rot8QSzTyVbt"
                }
              }
            }
          }
        },
        "viewMetaData": {
          "canonicalUrlSlug": "/food/fruits-vegetables/fresh-vegetables/c/28195",
          "description": "Browse products in Fresh Vegetables on loblaw near you. Schedule Delivery or Pickups Online. Subject to Availability.",
          "addMetaNoRobots": false,
          "jsonLd": null,
          "headline": "Fresh Vegetables - Shop for Fruits & Vegetables Products Online | loblaw"
        },
        "contentId": null,
        "categoryDisplayName": "Fresh Vegetables",
        "theme": {
          "name": "pcx-web-pcx",
          "env": "production",
          "version": "latest"
        },
        "categoryId": "28195"
      },
      "matchingRules": {
        "body": {
          "$.layout.sections.productListingSection.components.components_0.data.noResultsText": {
            "matchers": [
              {
                "match": "number"
              }
            ],
            "combine": "AND"
          },
          "$.layout.sections.productListingSection.components.components_0.data.filterGroups.filterGroups_0.multiSelect": {
            "matchers": [
              {
                "match": "type"
              }
            ],
            "combine": "AND"
          },
          "$.layout.sections.productListingSection.components.components_0.data.filterGroups.filterGroups_0.values.values_0.count": {
            "matchers": [
              {
                "match": "number"
              }
            ],
            "combine": "AND"
          },
          "$.layout.sections.productListingSection.components.components_0.data.filterGroups.filterGroups_0.values.values_0.selected": {
            "matchers": [
              {
                "match": "type"
              }
            ],
            "combine": "AND"
          },
          "$.layout.sections.productListingSection.components.components_0.data.filterGroups.filterGroups_0.values.values_1.count": {
            "matchers": [
              {
                "match": "number"
              }
            ],
            "combine": "AND"
          },
          "$.layout.sections.productListingSection.components.components_0.data.filterGroups.filterGroups_0.values.values_1.selected": {
            "matchers": [
              {
                "match": "type"
              }
            ],
            "combine": "AND"
          },
          "$.layout.sections.productListingSection.components.components_0.data.filterGroups.filterGroups_0.values.values_2.count": {
            "matchers": [
              {
                "match": "number"
              }
            ],
            "combine": "AND"
          },
          "$.layout.sections.productListingSection.components.components_0.data.filterGroups.filterGroups_0.values.values_2.selected": {
            "matchers": [
              {
                "match": "type"
              }
            ],
            "combine": "AND"
          },
          "$.layout.sections.productListingSection.components.components_0.data.filterGroups.filterGroups_0.values.values_3.count": {
            "matchers": [
              {
                "match": "number"
              }
            ],
            "combine": "AND"
          },
          "$.layout.sections.productListingSection.components.components_0.data.filterGroups.filterGroups_0.values.values_3.selected": {
            "matchers": [
              {
                "match": "type"
              }
            ],
            "combine": "AND"
          },
          "$.layout.sections.productListingSection.components.components_0.data.filterGroups.filterGroups_0.values.values_4.count": {
            "matchers": [
              {
                "match": "number"
              }
            ],
            "combine": "AND"
          },
          "$.layout.sections.productListingSection.components.components_0.data.filterGroups.filterGroups_0.values.values_4.selected": {
            "matchers": [
              {
                "match": "type"
              }
            ],
            "combine": "AND"
          },
          "$.layout.sections.productListingSection.components.components_0.data.filterGroups.filterGroups_0.values.values_5.count": {
            "matchers": [
              {
                "match": "number"
              }
            ],
            "combine": "AND"
          },
          "$.layout.sections.productListingSection.components.components_0.data.filterGroups.filterGroups_0.values.values_5.selected": {
            "matchers": [
              {
                "match": "type"
              }
            ],
            "combine": "AND"
          },
          "$.layout.sections.productListingSection.components.components_0.data.filterGroups.filterGroups_0.values.values_6.count": {
            "matchers": [
              {
                "match": "number"
              }
            ],
            "combine": "AND"
          },
          "$.layout.sections.productListingSection.components.components_0.data.filterGroups.filterGroups_0.values.values_6.selected": {
            "matchers": [
              {
                "match": "type"
              }
            ],
            "combine": "AND"
          },
          "$.layout.sections.productListingSection.components.components_0.data.filterGroups.filterGroups_0.values.values_7.count": {
            "matchers": [
              {
                "match": "number"
              }
            ],
            "combine": "AND"
          },
          "$.layout.sections.productListingSection.components.components_0.data.filterGroups.filterGroups_0.values.values_7.selected": {
            "matchers": [
              {
                "match": "type"
              }
            ],
            "combine": "AND"
          },
          "$.layout.sections.productListingSection.components.components_0.data.filterGroups.filterGroups_1.multiSelect": {
            "matchers": [
              {
                "match": "type"
              }
            ],
            "combine": "AND"
          },
          "$.layout.sections.productListingSection.components.components_0.data.filterGroups.filterGroups_1.values.values_0.count": {
            "matchers": [
              {
                "match": "number"
              }
            ],
            "combine": "AND"
          },
          "$.layout.sections.productListingSection.components.components_0.data.filterGroups.filterGroups_1.values.values_0.selected": {
            "matchers": [
              {
                "match": "type"
              }
            ],
            "combine": "AND"
          },
          "$.layout.sections.productListingSection.components.components_0.data.filterGroups.filterGroups_1.values.values_1.count": {
            "matchers": [
              {
                "match": "number"
              }
            ],
            "combine": "AND"
          },
          "$.layout.sections.productListingSection.components.components_0.data.filterGroups.filterGroups_1.values.values_1.selected": {
            "matchers": [
              {
                "match": "type"
              }
            ],
            "combine": "AND"
          },
          "$.layout.sections.productListingSection.components.components_0.data.filterGroups.filterGroups_1.values.values_2.count": {
            "matchers": [
              {
                "match": "number"
              }
            ],
            "combine": "AND"
          },
          "$.layout.sections.productListingSection.components.components_0.data.filterGroups.filterGroups_1.values.values_2.selected": {
            "matchers": [
              {
                "match": "type"
              }
            ],
            "combine": "AND"
          },
          "$.layout.sections.productListingSection.components.components_0.data.filterGroups.filterGroups_2.multiSelect": {
            "matchers": [
              {
                "match": "type"
              }
            ],
            "combine": "AND"
          },
          "$.layout.sections.productListingSection.components.components_0.data.filterGroups.filterGroups_2.values.values_0.count": {
            "matchers": [
              {
                "match": "number"
              }
            ],
            "combine": "AND"
          },
          "$.layout.sections.productListingSection.components.components_0.data.filterGroups.filterGroups_2.values.values_0.selected": {
            "matchers": [
              {
                "match": "type"
              }
            ],
            "combine": "AND"
          },
          "$.layout.sections.productListingSection.components.components_0.data.filterGroups.filterGroups_2.values.values_1.count": {
            "matchers": [
              {
                "match": "number"
              }
            ],
            "combine": "AND"
          },
          "$.layout.sections.productListingSection.components.components_0.data.filterGroups.filterGroups_2.values.values_1.selected": {
            "matchers": [
              {
                "match": "type"
              }
            ],
            "combine": "AND"
          },
          "$.layout.sections.productListingSection.components.components_0.data.filterGroups.filterGroups_2.values.values_2.count": {
            "matchers": [
              {
                "match": "number"
              }
            ],
            "combine": "AND"
          },
          "$.layout.sections.productListingSection.components.components_0.data.filterGroups.filterGroups_2.values.values_2.selected": {
            "matchers": [
              {
                "match": "type"
              }
            ],
            "combine": "AND"
          },
          "$.layout.sections.productListingSection.components.components_0.data.filterGroups.filterGroups_2.values.values_3.count": {
            "matchers": [
              {
                "match": "number"
              }
            ],
            "combine": "AND"
          },
          "$.layout.sections.productListingSection.components.components_0.data.filterGroups.filterGroups_2.values.values_3.selected": {
            "matchers": [
              {
                "match": "type"
              }
            ],
            "combine": "AND"
          },
          "$.layout.sections.productListingSection.components.components_0.data.filterGroups.filterGroups_2.values.values_4.count": {
            "matchers": [
              {
                "match": "number"
              }
            ],
            "combine": "AND"
          },
          "$.layout.sections.productListingSection.components.components_0.data.filterGroups.filterGroups_2.values.values_4.selected": {
            "matchers": [
              {
                "match": "type"
              }
            ],
            "combine": "AND"
          },
          "$.layout.sections.productListingSection.components.components_0.data.filterGroups.filterGroups_2.values.values_5.count": {
            "matchers": [
              {
                "match": "number"
              }
            ],
            "combine": "AND"
          },
          "$.layout.sections.productListingSection.components.components_0.data.filterGroups.filterGroups_2.values.values_5.selected": {
            "matchers": [
              {
                "match": "type"
              }
            ],
            "combine": "AND"
          },
          "$.layout.sections.productListingSection.components.components_0.data.filterGroups.filterGroups_2.values.values_6.count": {
            "matchers": [
              {
                "match": "number"
              }
            ],
            "combine": "AND"
          },
          "$.layout.sections.productListingSection.components.components_0.data.filterGroups.filterGroups_2.values.values_6.selected": {
            "matchers": [
              {
                "match": "type"
              }
            ],
            "combine": "AND"
          },
          "$.layout.sections.productListingSection.components.components_0.data.filterGroups.filterGroups_2.values.values_7.count": {
            "matchers": [
              {
                "match": "number"
              }
            ],
            "combine": "AND"
          },
          "$.layout.sections.productListingSection.components.components_0.data.filterGroups.filterGroups_2.values.values_7.selected": {
            "matchers": [
              {
                "match": "type"
              }
            ],
            "combine": "AND"
          },
          "$.layout.sections.productListingSection.components.components_0.data.filterGroups.filterGroups_3.multiSelect": {
            "matchers": [
              {
                "match": "type"
              }
            ],
            "combine": "AND"
          },
          "$.layout.sections.productListingSection.components.components_0.data.filterGroups.filterGroups_3.values.values_0.count": {
            "matchers": [
              {
                "match": "number"
              }
            ],
            "combine": "AND"
          },
          "$.layout.sections.productListingSection.components.components_0.data.filterGroups.filterGroups_3.values.values_0.selected": {
            "matchers": [
              {
                "match": "type"
              }
            ],
            "combine": "AND"
          },
          "$.layout.sections.productListingSection.components.components_0.data.filterGroups.filterGroups_3.values.values_1.count": {
            "matchers": [
              {
                "match": "number"
              }
            ],
            "combine": "AND"
          },
          "$.layout.sections.productListingSection.components.components_0.data.filterGroups.filterGroups_3.values.values_1.selected": {
            "matchers": [
              {
                "match": "type"
              }
            ],
            "combine": "AND"
          },
          "$.layout.sections.productListingSection.components.components_0.data.filterGroups.filterGroups_3.values.values_2.count": {
            "matchers": [
              {
                "match": "number"
              }
            ],
            "combine": "AND"
          },
          "$.layout.sections.productListingSection.components.components_0.data.filterGroups.filterGroups_3.values.values_2.selected": {
            "matchers": [
              {
                "match": "type"
              }
            ],
            "combine": "AND"
          },
          "$.layout.sections.productListingSection.components.components_0.data.sorts.sorts_0.selected": {
            "matchers": [
              {
                "match": "type"
              }
            ],
            "combine": "AND"
          },
          "$.layout.sections.productListingSection.components.components_0.data.sorts.sorts_1.selected": {
            "matchers": [
              {
                "match": "type"
              }
            ],
            "combine": "AND"
          },
          "$.layout.sections.productListingSection.components.components_0.data.sorts.sorts_2.selected": {
            "matchers": [
              {
                "match": "type"
              }
            ],
            "combine": "AND"
          },
          "$.layout.sections.productListingSection.components.components_0.data.sorts.sorts_3.selected": {
            "matchers": [
              {
                "match": "type"
              }
            ],
            "combine": "AND"
          },
          "$.layout.sections.productListingSection.components.components_0.data.sorts.sorts_4.selected": {
            "matchers": [
              {
                "match": "type"
              }
            ],
            "combine": "AND"
          },
          "$.layout.sections.productListingSection.components.components_0.data.quickFilters.quickFilters_0.selected": {
            "matchers": [
              {
                "match": "type"
              }
            ],
            "combine": "AND"
          },
          "$.layout.sections.productListingSection.components.components_0.data.quickFilters.quickFilters_0.filterGroup.multiSelect": {
            "matchers": [
              {
                "match": "type"
              }
            ],
            "combine": "AND"
          },
          "$.layout.sections.productListingSection.components.components_0.data.quickFilters.quickFilters_0.filterGroup.values.values_0.count": {
            "matchers": [
              {
                "match": "number"
              }
            ],
            "combine": "AND"
          },
          "$.layout.sections.productListingSection.components.components_0.data.quickFilters.quickFilters_0.filterGroup.values.values_0.selected": {
            "matchers": [
              {
                "match": "type"
              }
            ],
            "combine": "AND"
          },
          "$.layout.sections.productListingSection.components.components_0.data.quickFilters.quickFilters_0.filterGroup.values.values_1.count": {
            "matchers": [
              {
                "match": "number"
              }
            ],
            "combine": "AND"
          },
          "$.layout.sections.productListingSection.components.components_0.data.quickFilters.quickFilters_0.filterGroup.values.values_1.selected": {
            "matchers": [
              {
                "match": "type"
              }
            ],
            "combine": "AND"
          },
          "$.layout.sections.productListingSection.components.components_0.data.quickFilters.quickFilters_0.filterGroup.values.values_2.count": {
            "matchers": [
              {
                "match": "number"
              }
            ],
            "combine": "AND"
          },
          "$.layout.sections.productListingSection.components.components_0.data.quickFilters.quickFilters_0.filterGroup.values.values_2.selected": {
            "matchers": [
              {
                "match": "type"
              }
            ],
            "combine": "AND"
          },
          "$.layout.sections.productListingSection.components.components_0.data.quickFilters.quickFilters_0.filterGroup.values.values_3.count": {
            "matchers": [
              {
                "match": "number"
              }
            ],
            "combine": "AND"
          },
          "$.layout.sections.productListingSection.components.components_0.data.quickFilters.quickFilters_0.filterGroup.values.values_3.selected": {
            "matchers": [
              {
                "match": "type"
              }
            ],
            "combine": "AND"
          },
          "$.layout.sections.productListingSection.components.components_0.data.quickFilters.quickFilters_1.selected": {
            "matchers": [
              {
                "match": "type"
              }
            ],
            "combine": "AND"
          },
          "$.layout.sections.productListingSection.components.components_0.data.quickFilters.quickFilters_1.filterGroup.multiSelect": {
            "matchers": [
              {
                "match": "type"
              }
            ],
            "combine": "AND"
          },
          "$.layout.sections.productListingSection.components.components_0.data.quickFilters.quickFilters_1.filterGroup.values.values_0.count": {
            "matchers": [
              {
                "match": "number"
              }
            ],
            "combine": "AND"
          },
          "$.layout.sections.productListingSection.components.components_0.data.quickFilters.quickFilters_1.filterGroup.values.values_0.selected": {
            "matchers": [
              {
                "match": "type"
              }
            ],
            "combine": "AND"
          },
          "$.layout.sections.productListingSection.components.components_0.data.quickFilters.quickFilters_1.filterGroup.values.values_1.count": {
            "matchers": [
              {
                "match": "number"
              }
            ],
            "combine": "AND"
          },
          "$.layout.sections.productListingSection.components.components_0.data.quickFilters.quickFilters_1.filterGroup.values.values_1.selected": {
            "matchers": [
              {
                "match": "type"
              }
            ],
            "combine": "AND"
          },
          "$.layout.sections.productListingSection.components.components_0.data.quickFilters.quickFilters_1.filterGroup.values.values_2.count": {
            "matchers": [
              {
                "match": "number"
              }
            ],
            "combine": "AND"
          },
          "$.layout.sections.productListingSection.components.components_0.data.quickFilters.quickFilters_1.filterGroup.values.values_2.selected": {
            "matchers": [
              {
                "match": "type"
              }
            ],
            "combine": "AND"
          },
          "$.layout.sections.productListingSection.components.components_0.data.quickFilters.quickFilters_2.selected": {
            "matchers": [
              {
                "match": "type"
              }
            ],
            "combine": "AND"
          },
          "$.layout.sections.productListingSection.components.components_0.data.quickFilters.quickFilters_2.filterGroup.multiSelect": {
            "matchers": [
              {
                "match": "type"
              }
            ],
            "combine": "AND"
          },
          "$.layout.sections.productListingSection.components.components_0.data.quickFilters.quickFilters_2.filterGroup.values.values_0.count": {
            "matchers": [
              {
                "match": "number"
              }
            ],
            "combine": "AND"
          },
          "$.layout.sections.productListingSection.components.components_0.data.quickFilters.quickFilters_2.filterGroup.values.values_0.selected": {
            "matchers": [
              {
                "match": "type"
              }
            ],
            "combine": "AND"
          },
          "$.layout.sections.productListingSection.components.components_0.data.quickFilters.quickFilters_2.filterGroup.values.values_1.count": {
            "matchers": [
              {
                "match": "number"
              }
            ],
            "combine": "AND"
          },
          "$.layout.sections.productListingSection.components.components_0.data.quickFilters.quickFilters_2.filterGroup.values.values_1.selected": {
            "matchers": [
              {
                "match": "type"
              }
            ],
            "combine": "AND"
          },
          "$.layout.sections.productListingSection.components.components_0.data.adConfiguration1.lazyLoad": {
            "matchers": [
              {
                "match": "type"
              }
            ],
            "combine": "AND"
          },
          "$.layout.sections.productListingSection.components.components_0.data.adConfiguration1.refreshTimer": {
            "matchers": [
              {
                "match": "number"
              }
            ],
            "combine": "AND"
          },
          "$.layout.sections.productListingSection.components.components_0.data.adConfiguration1.forecasting": {
            "matchers": [
              {
                "match": "type"
              }
            ],
            "combine": "AND"
          },
          "$.layout.sections.productListingSection.components.components_0.data.adConfiguration1.lazyLoadingTriggerThreshold": {
            "matchers": [
              {
                "match": "number"
              }
            ],
            "combine": "AND"
          },
          "$.layout.sections.productListingSection.components.components_0.data.adConfiguration2.lazyLoad": {
            "matchers": [
              {
                "match": "type"
              }
            ],
            "combine": "AND"
          },
          "$.layout.sections.productListingSection.components.components_0.data.adConfiguration2.refreshTimer": {
            "matchers": [
              {
                "match": "number"
              }
            ],
            "combine": "AND"
          },
          "$.layout.sections.productListingSection.components.components_0.data.adConfiguration2.forecasting": {
            "matchers": [
              {
                "match": "type"
              }
            ],
            "combine": "AND"
          },
          "$.layout.sections.productListingSection.components.components_0.data.adConfiguration2.lazyLoadingTriggerThreshold": {
            "matchers": [
              {
                "match": "number"
              }
            ],
            "combine": "AND"
          },
          "$.layout.sections.productListingSection.components.components_0.data.productGrid.pagination.pageNumber": {
            "matchers": [
              {
                "match": "number"
              }
            ],
            "combine": "AND"
          },
          "$.layout.sections.productListingSection.components.components_0.data.productGrid.pagination.pageSize": {
            "matchers": [
              {
                "match": "number"
              }
            ],
            "combine": "AND"
          },
          "$.layout.sections.productListingSection.components.components_0.data.productGrid.pagination.hasMore": {
            "matchers": [
              {
                "match": "type"
              }
            ],
            "combine": "AND"
          },
          "$.layout.sections.productListingSection.components.components_0.data.productGrid.pagination.totalResults": {
            "matchers": [
              {
                "match": "number"
              }
            ],
            "combine": "AND"
          },
          "$.layout.sections.productListingSection.components.components_0.data.productGrid.productTiles.productTiles_0.pricingUnits.interval": {
            "matchers": [
              {
                "match": "number"
              }
            ],
            "combine": "AND"
          },
          "$.layout.sections.productListingSection.components.components_0.data.productGrid.productTiles.productTiles_0.pricingUnits.minOrderQuantity": {
            "matchers": [
              {
                "match": "number"
              }
            ],
            "combine": "AND"
          },
          "$.layout.sections.productListingSection.components.components_0.data.productGrid.productTiles.productTiles_0.pricingUnits.maxOrderQuantity": {
            "matchers": [
              {
                "match": "number"
              }
            ],
            "combine": "AND"
          },
          "$.layout.sections.productListingSection.components.components_0.data.productGrid.productTiles.productTiles_0.pricingUnits.weighted": {
            "matchers": [
              {
                "match": "type"
              }
            ],
            "combine": "AND"
          },
          "$.layout.sections.productListingSection.components.components_0.data.productGrid.productTiles.productTiles_0.deal.points": {
            "matchers": [
              {
                "match": "number"
              }
            ],
            "combine": "AND"
          },
          "$.layout.sections.productListingSection.components.components_0.data.productGrid.productTiles.productTiles_0.isVariant": {
            "matchers": [
              {
                "match": "type"
              }
            ],
            "combine": "AND"
          },
          "$.layout.sections.productListingSection.components.components_0.data.productGrid.productTiles.productTiles_0.isSponsored": {
            "matchers": [
              {
                "match": "type"
              }
            ],
            "combine": "AND"
          },
          "$.layout.sections.productListingSection.components.components_0.data.productGrid.productTiles.productTiles_0.isComplementarySponsored": {
            "matchers": [
              {
                "match": "type"
              }
            ],
            "combine": "AND"
          },
          "$.layout.sections.productListingSection.components.components_0.data.productGrid.productTiles.productTiles_1.pricingUnits.interval": {
            "matchers": [
              {
                "match": "number"
              }
            ],
            "combine": "AND"
          },
          "$.layout.sections.productListingSection.components.components_0.data.productGrid.productTiles.productTiles_1.pricingUnits.minOrderQuantity": {
            "matchers": [
              {
                "match": "number"
              }
            ],
            "combine": "AND"
          },
          "$.layout.sections.productListingSection.components.components_0.data.productGrid.productTiles.productTiles_1.pricingUnits.maxOrderQuantity": {
            "matchers": [
              {
                "match": "number"
              }
            ],
            "combine": "AND"
          },
          "$.layout.sections.productListingSection.components.components_0.data.productGrid.productTiles.productTiles_1.pricingUnits.weighted": {
            "matchers": [
              {
                "match": "type"
              }
            ],
            "combine": "AND"
          },
          "$.layout.sections.productListingSection.components.components_0.data.productGrid.productTiles.productTiles_1.isVariant": {
            "matchers": [
              {
                "match": "type"
              }
            ],
            "combine": "AND"
          },
          "$.layout.sections.productListingSection.components.components_0.data.productGrid.productTiles.productTiles_1.isSponsored": {
            "matchers": [
              {
                "match": "type"
              }
            ],
            "combine": "AND"
          },
          "$.layout.sections.productListingSection.components.components_0.data.productGrid.productTiles.productTiles_1.isComplementarySponsored": {
            "matchers": [
              {
                "match": "type"
              }
            ],
            "combine": "AND"
          },
          "$.layout.sections.productListingSection.components.components_0.data.productGrid.productTiles.productTiles_2.pricingUnits.interval": {
            "matchers": [
              {
                "match": "number"
              }
            ],
            "combine": "AND"
          },
          "$.layout.sections.productListingSection.components.components_0.data.productGrid.productTiles.productTiles_2.pricingUnits.minOrderQuantity": {
            "matchers": [
              {
                "match": "number"
              }
            ],
            "combine": "AND"
          },
          "$.layout.sections.productListingSection.components.components_0.data.productGrid.productTiles.productTiles_2.pricingUnits.maxOrderQuantity": {
            "matchers": [
              {
                "match": "number"
              }
            ],
            "combine": "AND"
          },
          "$.layout.sections.productListingSection.components.components_0.data.productGrid.productTiles.productTiles_2.pricingUnits.weighted": {
            "matchers": [
              {
                "match": "type"
              }
            ],
            "combine": "AND"
          },
          "$.layout.sections.productListingSection.components.components_0.data.productGrid.productTiles.productTiles_2.isVariant": {
            "matchers": [
              {
                "match": "type"
              }
            ],
            "combine": "AND"
          },
          "$.layout.sections.productListingSection.components.components_0.data.productGrid.productTiles.productTiles_2.isSponsored": {
            "matchers": [
              {
                "match": "type"
              }
            ],
            "combine": "AND"
          },
          "$.layout.sections.productListingSection.components.components_0.data.productGrid.productTiles.productTiles_2.isComplementarySponsored": {
            "matchers": [
              {
                "match": "type"
              }
            ],
            "combine": "AND"
          },
          "$.layout.sections.productListingSection.components.components_0.data.productGrid.productTiles.productTiles_3.pricingUnits.interval": {
            "matchers": [
              {
                "match": "number"
              }
            ],
            "combine": "AND"
          },
          "$.layout.sections.productListingSection.components.components_0.data.productGrid.productTiles.productTiles_3.pricingUnits.minOrderQuantity": {
            "matchers": [
              {
                "match": "number"
              }
            ],
            "combine": "AND"
          },
          "$.layout.sections.productListingSection.components.components_0.data.productGrid.productTiles.productTiles_3.pricingUnits.maxOrderQuantity": {
            "matchers": [
              {
                "match": "number"
              }
            ],
            "combine": "AND"
          },
          "$.layout.sections.productListingSection.components.components_0.data.productGrid.productTiles.productTiles_3.pricingUnits.weighted": {
            "matchers": [
              {
                "match": "type"
              }
            ],
            "combine": "AND"
          },
          "$.layout.sections.productListingSection.components.components_0.data.productGrid.productTiles.productTiles_3.deal.points": {
            "matchers": [
              {
                "match": "number"
              }
            ],
            "combine": "AND"
          },
          "$.layout.sections.productListingSection.components.components_0.data.productGrid.productTiles.productTiles_3.isVariant": {
            "matchers": [
              {
                "match": "type"
              }
            ],
            "combine": "AND"
          },
          "$.layout.sections.productListingSection.components.components_0.data.productGrid.productTiles.productTiles_3.isSponsored": {
            "matchers": [
              {
                "match": "type"
              }
            ],
            "combine": "AND"
          },
          "$.layout.sections.productListingSection.components.components_0.data.productGrid.productTiles.productTiles_3.isComplementarySponsored": {
            "matchers": [
              {
                "match": "type"
              }
            ],
            "combine": "AND"
          },
          "$.layout.sections.productListingSection.components.components_0.data.productGrid.productTiles.productTiles_4.pricingUnits.interval": {
            "matchers": [
              {
                "match": "number"
              }
            ],
            "combine": "AND"
          },
          "$.layout.sections.productListingSection.components.components_0.data.productGrid.productTiles.productTiles_4.pricingUnits.minOrderQuantity": {
            "matchers": [
              {
                "match": "number"
              }
            ],
            "combine": "AND"
          },
          "$.layout.sections.productListingSection.components.components_0.data.productGrid.productTiles.productTiles_4.pricingUnits.maxOrderQuantity": {
            "matchers": [
              {
                "match": "number"
              }
            ],
            "combine": "AND"
          },
          "$.layout.sections.productListingSection.components.components_0.data.productGrid.productTiles.productTiles_4.pricingUnits.weighted": {
            "matchers": [
              {
                "match": "type"
              }
            ],
            "combine": "AND"
          },
          "$.layout.sections.productListingSection.components.components_0.data.productGrid.productTiles.productTiles_4.isVariant": {
            "matchers": [
              {
                "match": "type"
              }
            ],
            "combine": "AND"
          },
          "$.layout.sections.productListingSection.components.components_0.data.productGrid.productTiles.productTiles_4.isSponsored": {
            "matchers": [
              {
                "match": "type"
              }
            ],
            "combine": "AND"
          },
          "$.layout.sections.productListingSection.components.components_0.data.productGrid.productTiles.productTiles_4.isComplementarySponsored": {
            "matchers": [
              {
                "match": "type"
              }
            ],
            "combine": "AND"
          },
          "$.layout.sections.productListingSection.components.components_0.data.productGrid.productTiles.productTiles_5.pricingUnits.interval": {
            "matchers": [
              {
                "match": "number"
              }
            ],
            "combine": "AND"
          },
          "$.layout.sections.productListingSection.components.components_0.data.productGrid.productTiles.productTiles_5.pricingUnits.minOrderQuantity": {
            "matchers": [
              {
                "match": "number"
              }
            ],
            "combine": "AND"
          },
          "$.layout.sections.productListingSection.components.components_0.data.productGrid.productTiles.productTiles_5.pricingUnits.maxOrderQuantity": {
            "matchers": [
              {
                "match": "number"
              }
            ],
            "combine": "AND"
          },
          "$.layout.sections.productListingSection.components.components_0.data.productGrid.productTiles.productTiles_5.pricingUnits.weighted": {
            "matchers": [
              {
                "match": "type"
              }
            ],
            "combine": "AND"
          },
          "$.layout.sections.productListingSection.components.components_0.data.productGrid.productTiles.productTiles_5.isVariant": {
            "matchers": [
              {
                "match": "type"
              }
            ],
            "combine": "AND"
          },
          "$.layout.sections.productListingSection.components.components_0.data.productGrid.productTiles.productTiles_5.isSponsored": {
            "matchers": [
              {
                "match": "type"
              }
            ],
            "combine": "AND"
          },
          "$.layout.sections.productListingSection.components.components_0.data.productGrid.productTiles.productTiles_5.isComplementarySponsored": {
            "matchers": [
              {
                "match": "type"
              }
            ],
            "combine": "AND"
          },
          "$.layout.sections.productListingSection.components.components_0.data.productGrid.productTiles.productTiles_6.pricingUnits.interval": {
            "matchers": [
              {
                "match": "number"
              }
            ],
            "combine": "AND"
          },
          "$.layout.sections.productListingSection.components.components_0.data.productGrid.productTiles.productTiles_6.pricingUnits.minOrderQuantity": {
            "matchers": [
              {
                "match": "number"
              }
            ],
            "combine": "AND"
          },
          "$.layout.sections.productListingSection.components.components_0.data.productGrid.productTiles.productTiles_6.pricingUnits.maxOrderQuantity": {
            "matchers": [
              {
                "match": "number"
              }
            ],
            "combine": "AND"
          },
          "$.layout.sections.productListingSection.components.components_0.data.productGrid.productTiles.productTiles_6.pricingUnits.weighted": {
            "matchers": [
              {
                "match": "type"
              }
            ],
            "combine": "AND"
          },
          "$.layout.sections.productListingSection.components.components_0.data.productGrid.productTiles.productTiles_6.isVariant": {
            "matchers": [
              {
                "match": "type"
              }
            ],
            "combine": "AND"
          },
          "$.layout.sections.productListingSection.components.components_0.data.productGrid.productTiles.productTiles_6.isSponsored": {
            "matchers": [
              {
                "match": "type"
              }
            ],
            "combine": "AND"
          },
          "$.layout.sections.productListingSection.components.components_0.data.productGrid.productTiles.productTiles_6.isComplementarySponsored": {
            "matchers": [
              {
                "match": "type"
              }
            ],
            "combine": "AND"
          },
          "$.layout.sections.productListingSection.components.components_0.data.productGrid.productTiles.productTiles_7.pricingUnits.interval": {
            "matchers": [
              {
                "match": "number"
              }
            ],
            "combine": "AND"
          },
          "$.layout.sections.productListingSection.components.components_0.data.productGrid.productTiles.productTiles_7.pricingUnits.minOrderQuantity": {
            "matchers": [
              {
                "match": "number"
              }
            ],
            "combine": "AND"
          },
          "$.layout.sections.productListingSection.components.components_0.data.productGrid.productTiles.productTiles_7.pricingUnits.maxOrderQuantity": {
            "matchers": [
              {
                "match": "number"
              }
            ],
            "combine": "AND"
          },
          "$.layout.sections.productListingSection.components.components_0.data.productGrid.productTiles.productTiles_7.pricingUnits.weighted": {
            "matchers": [
              {
                "match": "type"
              }
            ],
            "combine": "AND"
          },
          "$.layout.sections.productListingSection.components.components_0.data.productGrid.productTiles.productTiles_7.deal.points": {
            "matchers": [
              {
                "match": "number"
              }
            ],
            "combine": "AND"
          },
          "$.layout.sections.productListingSection.components.components_0.data.productGrid.productTiles.productTiles_7.isVariant": {
            "matchers": [
              {
                "match": "type"
              }
            ],
            "combine": "AND"
          },
          "$.layout.sections.productListingSection.components.components_0.data.productGrid.productTiles.productTiles_7.isSponsored": {
            "matchers": [
              {
                "match": "type"
              }
            ],
            "combine": "AND"
          },
          "$.layout.sections.productListingSection.components.components_0.data.productGrid.productTiles.productTiles_7.isComplementarySponsored": {
            "matchers": [
              {
                "match": "type"
              }
            ],
            "combine": "AND"
          },
          "$.layout.sections.productListingSection.components.components_0.data.productGrid.productTiles.productTiles_8.pricingUnits.interval": {
            "matchers": [
              {
                "match": "number"
              }
            ],
            "combine": "AND"
          },
          "$.layout.sections.productListingSection.components.components_0.data.productGrid.productTiles.productTiles_8.pricingUnits.minOrderQuantity": {
            "matchers": [
              {
                "match": "number"
              }
            ],
            "combine": "AND"
          },
          "$.layout.sections.productListingSection.components.components_0.data.productGrid.productTiles.productTiles_8.pricingUnits.maxOrderQuantity": {
            "matchers": [
              {
                "match": "number"
              }
            ],
            "combine": "AND"
          },
          "$.layout.sections.productListingSection.components.components_0.data.productGrid.productTiles.productTiles_8.pricingUnits.weighted": {
            "matchers": [
              {
                "match": "type"
              }
            ],
            "combine": "AND"
          },
          "$.layout.sections.productListingSection.components.components_0.data.productGrid.productTiles.productTiles_8.deal.points": {
            "matchers": [
              {
                "match": "number"
              }
            ],
            "combine": "AND"
          },
          "$.layout.sections.productListingSection.components.components_0.data.productGrid.productTiles.productTiles_8.isVariant": {
            "matchers": [
              {
                "match": "type"
              }
            ],
            "combine": "AND"
          },
          "$.layout.sections.productListingSection.components.components_0.data.productGrid.productTiles.productTiles_8.isSponsored": {
            "matchers": [
              {
                "match": "type"
              }
            ],
            "combine": "AND"
          },
          "$.layout.sections.productListingSection.components.components_0.data.productGrid.productTiles.productTiles_8.isComplementarySponsored": {
            "matchers": [
              {
                "match": "type"
              }
            ],
            "combine": "AND"
          },
          "$.layout.sections.productListingSection.components.components_0.data.productGrid.productTiles.productTiles_9.pricingUnits.interval": {
            "matchers": [
              {
                "match": "number"
              }
            ],
            "combine": "AND"
          },
          "$.layout.sections.productListingSection.components.components_0.data.productGrid.productTiles.productTiles_9.pricingUnits.minOrderQuantity": {
            "matchers": [
              {
                "match": "number"
              }
            ],
            "combine": "AND"
          },
          "$.layout.sections.productListingSection.components.components_0.data.productGrid.productTiles.productTiles_9.pricingUnits.maxOrderQuantity": {
            "matchers": [
              {
                "match": "number"
              }
            ],
            "combine": "AND"
          },
          "$.layout.sections.productListingSection.components.components_0.data.productGrid.productTiles.productTiles_9.pricingUnits.weighted": {
            "matchers": [
              {
                "match": "type"
              }
            ],
            "combine": "AND"
          },
          "$.layout.sections.productListingSection.components.components_0.data.productGrid.productTiles.productTiles_9.deal.points": {
            "matchers": [
              {
                "match": "number"
              }
            ],
            "combine": "AND"
          },
          "$.layout.sections.productListingSection.components.components_0.data.productGrid.productTiles.productTiles_9.isVariant": {
            "matchers": [
              {
                "match": "type"
              }
            ],
            "combine": "AND"
          },
          "$.layout.sections.productListingSection.components.components_0.data.productGrid.productTiles.productTiles_9.isSponsored": {
            "matchers": [
              {
                "match": "type"
              }
            ],
            "combine": "AND"
          },
          "$.layout.sections.productListingSection.components.components_0.data.productGrid.productTiles.productTiles_9.isComplementarySponsored": {
            "matchers": [
              {
                "match": "type"
              }
            ],
            "combine": "AND"
          },
          "$.layout.sections.productListingSection.components.components_0.data.productGrid.productTiles.productTiles_10.pricingUnits.interval": {
            "matchers": [
              {
                "match": "number"
              }
            ],
            "combine": "AND"
          },
          "$.layout.sections.productListingSection.components.components_0.data.productGrid.productTiles.productTiles_10.pricingUnits.minOrderQuantity": {
            "matchers": [
              {
                "match": "number"
              }
            ],
            "combine": "AND"
          },
          "$.layout.sections.productListingSection.components.components_0.data.productGrid.productTiles.productTiles_10.pricingUnits.maxOrderQuantity": {
            "matchers": [
              {
                "match": "number"
              }
            ],
            "combine": "AND"
          },
          "$.layout.sections.productListingSection.components.components_0.data.productGrid.productTiles.productTiles_10.pricingUnits.weighted": {
            "matchers": [
              {
                "match": "type"
              }
            ],
            "combine": "AND"
          },
          "$.layout.sections.productListingSection.components.components_0.data.productGrid.productTiles.productTiles_10.isVariant": {
            "matchers": [
              {
                "match": "type"
              }
            ],
            "combine": "AND"
          },
          "$.layout.sections.productListingSection.components.components_0.data.productGrid.productTiles.productTiles_10.isSponsored": {
            "matchers": [
              {
                "match": "type"
              }
            ],
            "combine": "AND"
          },
          "$.layout.sections.productListingSection.components.components_0.data.productGrid.productTiles.productTiles_10.isComplementarySponsored": {
            "matchers": [
              {
                "match": "type"
              }
            ],
            "combine": "AND"
          },
          "$.layout.sections.productListingSection.components.components_0.data.productGrid.productTiles.productTiles_11.pricingUnits.interval": {
            "matchers": [
              {
                "match": "number"
              }
            ],
            "combine": "AND"
          },
          "$.layout.sections.productListingSection.components.components_0.data.productGrid.productTiles.productTiles_11.pricingUnits.minOrderQuantity": {
            "matchers": [
              {
                "match": "number"
              }
            ],
            "combine": "AND"
          },
          "$.layout.sections.productListingSection.components.components_0.data.productGrid.productTiles.productTiles_11.pricingUnits.maxOrderQuantity": {
            "matchers": [
              {
                "match": "number"
              }
            ],
            "combine": "AND"
          },
          "$.layout.sections.productListingSection.components.components_0.data.productGrid.productTiles.productTiles_11.pricingUnits.weighted": {
            "matchers": [
              {
                "match": "type"
              }
            ],
            "combine": "AND"
          },
          "$.layout.sections.productListingSection.components.components_0.data.productGrid.productTiles.productTiles_11.isVariant": {
            "matchers": [
              {
                "match": "type"
              }
            ],
            "combine": "AND"
          },
          "$.layout.sections.productListingSection.components.components_0.data.productGrid.productTiles.productTiles_11.isSponsored": {
            "matchers": [
              {
                "match": "type"
              }
            ],
            "combine": "AND"
          },
          "$.layout.sections.productListingSection.components.components_0.data.productGrid.productTiles.productTiles_11.isComplementarySponsored": {
            "matchers": [
              {
                "match": "type"
              }
            ],
            "combine": "AND"
          },
          "$.layout.sections.productListingSection.components.components_0.data.productGrid.productTiles.productTiles_12.pricingUnits.interval": {
            "matchers": [
              {
                "match": "number"
              }
            ],
            "combine": "AND"
          },
          "$.layout.sections.productListingSection.components.components_0.data.productGrid.productTiles.productTiles_12.pricingUnits.minOrderQuantity": {
            "matchers": [
              {
                "match": "number"
              }
            ],
            "combine": "AND"
          },
          "$.layout.sections.productListingSection.components.components_0.data.productGrid.productTiles.productTiles_12.pricingUnits.maxOrderQuantity": {
            "matchers": [
              {
                "match": "number"
              }
            ],
            "combine": "AND"
          },
          "$.layout.sections.productListingSection.components.components_0.data.productGrid.productTiles.productTiles_12.pricingUnits.weighted": {
            "matchers": [
              {
                "match": "type"
              }
            ],
            "combine": "AND"
          },
          "$.layout.sections.productListingSection.components.components_0.data.productGrid.productTiles.productTiles_12.isVariant": {
            "matchers": [
              {
                "match": "type"
              }
            ],
            "combine": "AND"
          },
          "$.layout.sections.productListingSection.components.components_0.data.productGrid.productTiles.productTiles_12.isSponsored": {
            "matchers": [
              {
                "match": "type"
              }
            ],
            "combine": "AND"
          },
          "$.layout.sections.productListingSection.components.components_0.data.productGrid.productTiles.productTiles_12.isComplementarySponsored": {
            "matchers": [
              {
                "match": "type"
              }
            ],
            "combine": "AND"
          },
          "$.layout.sections.productListingSection.components.components_0.data.productGrid.productTiles.productTiles_13.pricingUnits.interval": {
            "matchers": [
              {
                "match": "number"
              }
            ],
            "combine": "AND"
          },
          "$.layout.sections.productListingSection.components.components_0.data.productGrid.productTiles.productTiles_13.pricingUnits.minOrderQuantity": {
            "matchers": [
              {
                "match": "number"
              }
            ],
            "combine": "AND"
          },
          "$.layout.sections.productListingSection.components.components_0.data.productGrid.productTiles.productTiles_13.pricingUnits.maxOrderQuantity": {
            "matchers": [
              {
                "match": "number"
              }
            ],
            "combine": "AND"
          },
          "$.layout.sections.productListingSection.components.components_0.data.productGrid.productTiles.productTiles_13.pricingUnits.weighted": {
            "matchers": [
              {
                "match": "type"
              }
            ],
            "combine": "AND"
          },
          "$.layout.sections.productListingSection.components.components_0.data.productGrid.productTiles.productTiles_13.isVariant": {
            "matchers": [
              {
                "match": "type"
              }
            ],
            "combine": "AND"
          },
          "$.layout.sections.productListingSection.components.components_0.data.productGrid.productTiles.productTiles_13.isSponsored": {
            "matchers": [
              {
                "match": "type"
              }
            ],
            "combine": "AND"
          },
          "$.layout.sections.productListingSection.components.components_0.data.productGrid.productTiles.productTiles_13.isComplementarySponsored": {
            "matchers": [
              {
                "match": "type"
              }
            ],
            "combine": "AND"
          },
          "$.layout.sections.productListingSection.components.components_0.data.productGrid.productTiles.productTiles_14.pricingUnits.interval": {
            "matchers": [
              {
                "match": "number"
              }
            ],
            "combine": "AND"
          },
          "$.layout.sections.productListingSection.components.components_0.data.productGrid.productTiles.productTiles_14.pricingUnits.minOrderQuantity": {
            "matchers": [
              {
                "match": "number"
              }
            ],
            "combine": "AND"
          },
          "$.layout.sections.productListingSection.components.components_0.data.productGrid.productTiles.productTiles_14.pricingUnits.maxOrderQuantity": {
            "matchers": [
              {
                "match": "number"
              }
            ],
            "combine": "AND"
          },
          "$.layout.sections.productListingSection.components.components_0.data.productGrid.productTiles.productTiles_14.pricingUnits.weighted": {
            "matchers": [
              {
                "match": "type"
              }
            ],
            "combine": "AND"
          },
          "$.layout.sections.productListingSection.components.components_0.data.productGrid.productTiles.productTiles_14.isVariant": {
            "matchers": [
              {
                "match": "type"
              }
            ],
            "combine": "AND"
          },
          "$.layout.sections.productListingSection.components.components_0.data.productGrid.productTiles.productTiles_14.isSponsored": {
            "matchers": [
              {
                "match": "type"
              }
            ],
            "combine": "AND"
          },
          "$.layout.sections.productListingSection.components.components_0.data.productGrid.productTiles.productTiles_14.isComplementarySponsored": {
            "matchers": [
              {
                "match": "type"
              }
            ],
            "combine": "AND"
          },
          "$.layout.sections.productListingSection.components.components_0.data.productGrid.productTiles.productTiles_15.pricingUnits.interval": {
            "matchers": [
              {
                "match": "number"
              }
            ],
            "combine": "AND"
          },
          "$.layout.sections.productListingSection.components.components_0.data.productGrid.productTiles.productTiles_15.pricingUnits.minOrderQuantity": {
            "matchers": [
              {
                "match": "number"
              }
            ],
            "combine": "AND"
          },
          "$.layout.sections.productListingSection.components.components_0.data.productGrid.productTiles.productTiles_15.pricingUnits.maxOrderQuantity": {
            "matchers": [
              {
                "match": "number"
              }
            ],
            "combine": "AND"
          },
          "$.layout.sections.productListingSection.components.components_0.data.productGrid.productTiles.productTiles_15.pricingUnits.weighted": {
            "matchers": [
              {
                "match": "type"
              }
            ],
            "combine": "AND"
          },
          "$.layout.sections.productListingSection.components.components_0.data.productGrid.productTiles.productTiles_15.isVariant": {
            "matchers": [
              {
                "match": "type"
              }
            ],
            "combine": "AND"
          },
          "$.layout.sections.productListingSection.components.components_0.data.productGrid.productTiles.productTiles_15.isSponsored": {
            "matchers": [
              {
                "match": "type"
              }
            ],
            "combine": "AND"
          },
          "$.layout.sections.productListingSection.components.components_0.data.productGrid.productTiles.productTiles_15.isComplementarySponsored": {
            "matchers": [
              {
                "match": "type"
              }
            ],
            "combine": "AND"
          },
          "$.layout.sections.productListingSection.components.components_0.data.productGrid.productTiles.productTiles_16.pricingUnits.interval": {
            "matchers": [
              {
                "match": "number"
              }
            ],
            "combine": "AND"
          },
          "$.layout.sections.productListingSection.components.components_0.data.productGrid.productTiles.productTiles_16.pricingUnits.minOrderQuantity": {
            "matchers": [
              {
                "match": "number"
              }
            ],
            "combine": "AND"
          },
          "$.layout.sections.productListingSection.components.components_0.data.productGrid.productTiles.productTiles_16.pricingUnits.maxOrderQuantity": {
            "matchers": [
              {
                "match": "number"
              }
            ],
            "combine": "AND"
          },
          "$.layout.sections.productListingSection.components.components_0.data.productGrid.productTiles.productTiles_16.pricingUnits.weighted": {
            "matchers": [
              {
                "match": "type"
              }
            ],
            "combine": "AND"
          },
          "$.layout.sections.productListingSection.components.components_0.data.productGrid.productTiles.productTiles_16.isVariant": {
            "matchers": [
              {
                "match": "type"
              }
            ],
            "combine": "AND"
          },
          "$.layout.sections.productListingSection.components.components_0.data.productGrid.productTiles.productTiles_16.isSponsored": {
            "matchers": [
              {
                "match": "type"
              }
            ],
            "combine": "AND"
          },
          "$.layout.sections.productListingSection.components.components_0.data.productGrid.productTiles.productTiles_16.isComplementarySponsored": {
            "matchers": [
              {
                "match": "type"
              }
            ],
            "combine": "AND"
          },
          "$.layout.sections.productListingSection.components.components_0.data.productGrid.productTiles.productTiles_17.pricingUnits.interval": {
            "matchers": [
              {
                "match": "number"
              }
            ],
            "combine": "AND"
          },
          "$.layout.sections.productListingSection.components.components_0.data.productGrid.productTiles.productTiles_17.pricingUnits.minOrderQuantity": {
            "matchers": [
              {
                "match": "number"
              }
            ],
            "combine": "AND"
          },
          "$.layout.sections.productListingSection.components.components_0.data.productGrid.productTiles.productTiles_17.pricingUnits.maxOrderQuantity": {
            "matchers": [
              {
                "match": "number"
              }
            ],
            "combine": "AND"
          },
          "$.layout.sections.productListingSection.components.components_0.data.productGrid.productTiles.productTiles_17.pricingUnits.weighted": {
            "matchers": [
              {
                "match": "type"
              }
            ],
            "combine": "AND"
          },
          "$.layout.sections.productListingSection.components.components_0.data.productGrid.productTiles.productTiles_17.isVariant": {
            "matchers": [
              {
                "match": "type"
              }
            ],
            "combine": "AND"
          },
          "$.layout.sections.productListingSection.components.components_0.data.productGrid.productTiles.productTiles_17.isSponsored": {
            "matchers": [
              {
                "match": "type"
              }
            ],
            "combine": "AND"
          },
          "$.layout.sections.productListingSection.components.components_0.data.productGrid.productTiles.productTiles_17.isComplementarySponsored": {
            "matchers": [
              {
                "match": "type"
              }
            ],
            "combine": "AND"
          },
          "$.layout.sections.productListingSection.components.components_0.data.productGrid.productTiles.productTiles_18.pricingUnits.interval": {
            "matchers": [
              {
                "match": "number"
              }
            ],
            "combine": "AND"
          },
          "$.layout.sections.productListingSection.components.components_0.data.productGrid.productTiles.productTiles_18.pricingUnits.minOrderQuantity": {
            "matchers": [
              {
                "match": "number"
              }
            ],
            "combine": "AND"
          },
          "$.layout.sections.productListingSection.components.components_0.data.productGrid.productTiles.productTiles_18.pricingUnits.maxOrderQuantity": {
            "matchers": [
              {
                "match": "number"
              }
            ],
            "combine": "AND"
          },
          "$.layout.sections.productListingSection.components.components_0.data.productGrid.productTiles.productTiles_18.pricingUnits.weighted": {
            "matchers": [
              {
                "match": "type"
              }
            ],
            "combine": "AND"
          },
          "$.layout.sections.productListingSection.components.components_0.data.productGrid.productTiles.productTiles_18.isVariant": {
            "matchers": [
              {
                "match": "type"
              }
            ],
            "combine": "AND"
          },
          "$.layout.sections.productListingSection.components.components_0.data.productGrid.productTiles.productTiles_18.isSponsored": {
            "matchers": [
              {
                "match": "type"
              }
            ],
            "combine": "AND"
          },
          "$.layout.sections.productListingSection.components.components_0.data.productGrid.productTiles.productTiles_18.isComplementarySponsored": {
            "matchers": [
              {
                "match": "type"
              }
            ],
            "combine": "AND"
          },
          "$.layout.sections.productListingSection.components.components_0.data.productGrid.productTiles.productTiles_19.pricingUnits.interval": {
            "matchers": [
              {
                "match": "number"
              }
            ],
            "combine": "AND"
          },
          "$.layout.sections.productListingSection.components.components_0.data.productGrid.productTiles.productTiles_19.pricingUnits.minOrderQuantity": {
            "matchers": [
              {
                "match": "number"
              }
            ],
            "combine": "AND"
          },
          "$.layout.sections.productListingSection.components.components_0.data.productGrid.productTiles.productTiles_19.pricingUnits.maxOrderQuantity": {
            "matchers": [
              {
                "match": "number"
              }
            ],
            "combine": "AND"
          },
          "$.layout.sections.productListingSection.components.components_0.data.productGrid.productTiles.productTiles_19.pricingUnits.weighted": {
            "matchers": [
              {
                "match": "type"
              }
            ],
            "combine": "AND"
          },
          "$.layout.sections.productListingSection.components.components_0.data.productGrid.productTiles.productTiles_19.isVariant": {
            "matchers": [
              {
                "match": "type"
              }
            ],
            "combine": "AND"
          },
          "$.layout.sections.productListingSection.components.components_0.data.productGrid.productTiles.productTiles_19.isSponsored": {
            "matchers": [
              {
                "match": "type"
              }
            ],
            "combine": "AND"
          },
          "$.layout.sections.productListingSection.components.components_0.data.productGrid.productTiles.productTiles_19.isComplementarySponsored": {
            "matchers": [
              {
                "match": "type"
              }
            ],
            "combine": "AND"
          },
          "$.layout.sections.productListingSection.components.components_0.data.productGrid.productTiles.productTiles_20.pricingUnits.interval": {
            "matchers": [
              {
                "match": "number"
              }
            ],
            "combine": "AND"
          },
          "$.layout.sections.productListingSection.components.components_0.data.productGrid.productTiles.productTiles_20.pricingUnits.minOrderQuantity": {
            "matchers": [
              {
                "match": "number"
              }
            ],
            "combine": "AND"
          },
          "$.layout.sections.productListingSection.components.components_0.data.productGrid.productTiles.productTiles_20.pricingUnits.maxOrderQuantity": {
            "matchers": [
              {
                "match": "number"
              }
            ],
            "combine": "AND"
          },
          "$.layout.sections.productListingSection.components.components_0.data.productGrid.productTiles.productTiles_20.pricingUnits.weighted": {
            "matchers": [
              {
                "match": "type"
              }
            ],
            "combine": "AND"
          },
          "$.layout.sections.productListingSection.components.components_0.data.productGrid.productTiles.productTiles_20.isVariant": {
            "matchers": [
              {
                "match": "type"
              }
            ],
            "combine": "AND"
          },
          "$.layout.sections.productListingSection.components.components_0.data.productGrid.productTiles.productTiles_20.isSponsored": {
            "matchers": [
              {
                "match": "type"
              }
            ],
            "combine": "AND"
          },
          "$.layout.sections.productListingSection.components.components_0.data.productGrid.productTiles.productTiles_20.isComplementarySponsored": {
            "matchers": [
              {
                "match": "type"
              }
            ],
            "combine": "AND"
          },
          "$.layout.sections.productListingSection.components.components_0.data.productGrid.productTiles.productTiles_21.pricingUnits.interval": {
            "matchers": [
              {
                "match": "number"
              }
            ],
            "combine": "AND"
          },
          "$.layout.sections.productListingSection.components.components_0.data.productGrid.productTiles.productTiles_21.pricingUnits.minOrderQuantity": {
            "matchers": [
              {
                "match": "number"
              }
            ],
            "combine": "AND"
          },
          "$.layout.sections.productListingSection.components.components_0.data.productGrid.productTiles.productTiles_21.pricingUnits.maxOrderQuantity": {
            "matchers": [
              {
                "match": "number"
              }
            ],
            "combine": "AND"
          },
          "$.layout.sections.productListingSection.components.components_0.data.productGrid.productTiles.productTiles_21.pricingUnits.weighted": {
            "matchers": [
              {
                "match": "type"
              }
            ],
            "combine": "AND"
          },
          "$.layout.sections.productListingSection.components.components_0.data.productGrid.productTiles.productTiles_21.deal.points": {
            "matchers": [
              {
                "match": "number"
              }
            ],
            "combine": "AND"
          },
          "$.layout.sections.productListingSection.components.components_0.data.productGrid.productTiles.productTiles_21.isVariant": {
            "matchers": [
              {
                "match": "type"
              }
            ],
            "combine": "AND"
          },
          "$.layout.sections.productListingSection.components.components_0.data.productGrid.productTiles.productTiles_21.isSponsored": {
            "matchers": [
              {
                "match": "type"
              }
            ],
            "combine": "AND"
          },
          "$.layout.sections.productListingSection.components.components_0.data.productGrid.productTiles.productTiles_21.isComplementarySponsored": {
            "matchers": [
              {
                "match": "type"
              }
            ],
            "combine": "AND"
          },
          "$.layout.sections.productListingSection.components.components_0.data.productGrid.productTiles.productTiles_22.pricingUnits.interval": {
            "matchers": [
              {
                "match": "number"
              }
            ],
            "combine": "AND"
          },
          "$.layout.sections.productListingSection.components.components_0.data.productGrid.productTiles.productTiles_22.pricingUnits.minOrderQuantity": {
            "matchers": [
              {
                "match": "number"
              }
            ],
            "combine": "AND"
          },
          "$.layout.sections.productListingSection.components.components_0.data.productGrid.productTiles.productTiles_22.pricingUnits.maxOrderQuantity": {
            "matchers": [
              {
                "match": "number"
              }
            ],
            "combine": "AND"
          },
          "$.layout.sections.productListingSection.components.components_0.data.productGrid.productTiles.productTiles_22.pricingUnits.weighted": {
            "matchers": [
              {
                "match": "type"
              }
            ],
            "combine": "AND"
          },
          "$.layout.sections.productListingSection.components.components_0.data.productGrid.productTiles.productTiles_22.isVariant": {
            "matchers": [
              {
                "match": "type"
              }
            ],
            "combine": "AND"
          },
          "$.layout.sections.productListingSection.components.components_0.data.productGrid.productTiles.productTiles_22.isSponsored": {
            "matchers": [
              {
                "match": "type"
              }
            ],
            "combine": "AND"
          },
          "$.layout.sections.productListingSection.components.components_0.data.productGrid.productTiles.productTiles_22.isComplementarySponsored": {
            "matchers": [
              {
                "match": "type"
              }
            ],
            "combine": "AND"
          },
          "$.layout.sections.productListingSection.components.components_0.data.productGrid.productTiles.productTiles_23.pricingUnits.interval": {
            "matchers": [
              {
                "match": "number"
              }
            ],
            "combine": "AND"
          },
          "$.layout.sections.productListingSection.components.components_0.data.productGrid.productTiles.productTiles_23.pricingUnits.minOrderQuantity": {
            "matchers": [
              {
                "match": "number"
              }
            ],
            "combine": "AND"
          },
          "$.layout.sections.productListingSection.components.components_0.data.productGrid.productTiles.productTiles_23.pricingUnits.maxOrderQuantity": {
            "matchers": [
              {
                "match": "number"
              }
            ],
            "combine": "AND"
          },
          "$.layout.sections.productListingSection.components.components_0.data.productGrid.productTiles.productTiles_23.pricingUnits.weighted": {
            "matchers": [
              {
                "match": "type"
              }
            ],
            "combine": "AND"
          },
          "$.layout.sections.productListingSection.components.components_0.data.productGrid.productTiles.productTiles_23.isVariant": {
            "matchers": [
              {
                "match": "type"
              }
            ],
            "combine": "AND"
          },
          "$.layout.sections.productListingSection.components.components_0.data.productGrid.productTiles.productTiles_23.isSponsored": {
            "matchers": [
              {
                "match": "type"
              }
            ],
            "combine": "AND"
          },
          "$.layout.sections.productListingSection.components.components_0.data.productGrid.productTiles.productTiles_23.isComplementarySponsored": {
            "matchers": [
              {
                "match": "type"
              }
            ],
            "combine": "AND"
          },
          "$.layout.sections.productListingSection.components.components_0.data.productGrid.productTiles.productTiles_24.pricingUnits.interval": {
            "matchers": [
              {
                "match": "number"
              }
            ],
            "combine": "AND"
          },
          "$.layout.sections.productListingSection.components.components_0.data.productGrid.productTiles.productTiles_24.pricingUnits.minOrderQuantity": {
            "matchers": [
              {
                "match": "number"
              }
            ],
            "combine": "AND"
          },
          "$.layout.sections.productListingSection.components.components_0.data.productGrid.productTiles.productTiles_24.pricingUnits.maxOrderQuantity": {
            "matchers": [
              {
                "match": "number"
              }
            ],
            "combine": "AND"
          },
          "$.layout.sections.productListingSection.components.components_0.data.productGrid.productTiles.productTiles_24.pricingUnits.weighted": {
            "matchers": [
              {
                "match": "type"
              }
            ],
            "combine": "AND"
          },
          "$.layout.sections.productListingSection.components.components_0.data.productGrid.productTiles.productTiles_24.isVariant": {
            "matchers": [
              {
                "match": "type"
              }
            ],
            "combine": "AND"
          },
          "$.layout.sections.productListingSection.components.components_0.data.productGrid.productTiles.productTiles_24.isSponsored": {
            "matchers": [
              {
                "match": "type"
              }
            ],
            "combine": "AND"
          },
          "$.layout.sections.productListingSection.components.components_0.data.productGrid.productTiles.productTiles_24.isComplementarySponsored": {
            "matchers": [
              {
                "match": "type"
              }
            ],
            "combine": "AND"
          },
          "$.layout.sections.productListingSection.components.components_0.data.productGrid.productTiles.productTiles_25.pricingUnits.interval": {
            "matchers": [
              {
                "match": "number"
              }
            ],
            "combine": "AND"
          },
          "$.layout.sections.productListingSection.components.components_0.data.productGrid.productTiles.productTiles_25.pricingUnits.minOrderQuantity": {
            "matchers": [
              {
                "match": "number"
              }
            ],
            "combine": "AND"
          },
          "$.layout.sections.productListingSection.components.components_0.data.productGrid.productTiles.productTiles_25.pricingUnits.maxOrderQuantity": {
            "matchers": [
              {
                "match": "number"
              }
            ],
            "combine": "AND"
          },
          "$.layout.sections.productListingSection.components.components_0.data.productGrid.productTiles.productTiles_25.pricingUnits.weighted": {
            "matchers": [
              {
                "match": "type"
              }
            ],
            "combine": "AND"
          },
          "$.layout.sections.productListingSection.components.components_0.data.productGrid.productTiles.productTiles_25.isVariant": {
            "matchers": [
              {
                "match": "type"
              }
            ],
            "combine": "AND"
          },
          "$.layout.sections.productListingSection.components.components_0.data.productGrid.productTiles.productTiles_25.isSponsored": {
            "matchers": [
              {
                "match": "type"
              }
            ],
            "combine": "AND"
          },
          "$.layout.sections.productListingSection.components.components_0.data.productGrid.productTiles.productTiles_25.isComplementarySponsored": {
            "matchers": [
              {
                "match": "type"
              }
            ],
            "combine": "AND"
          },
          "$.layout.sections.productListingSection.components.components_0.data.productGrid.productTiles.productTiles_26.pricingUnits.interval": {
            "matchers": [
              {
                "match": "number"
              }
            ],
            "combine": "AND"
          },
          "$.layout.sections.productListingSection.components.components_0.data.productGrid.productTiles.productTiles_26.pricingUnits.minOrderQuantity": {
            "matchers": [
              {
                "match": "number"
              }
            ],
            "combine": "AND"
          },
          "$.layout.sections.productListingSection.components.components_0.data.productGrid.productTiles.productTiles_26.pricingUnits.maxOrderQuantity": {
            "matchers": [
              {
                "match": "number"
              }
            ],
            "combine": "AND"
          },
          "$.layout.sections.productListingSection.components.components_0.data.productGrid.productTiles.productTiles_26.pricingUnits.weighted": {
            "matchers": [
              {
                "match": "type"
              }
            ],
            "combine": "AND"
          },
          "$.layout.sections.productListingSection.components.components_0.data.productGrid.productTiles.productTiles_26.isVariant": {
            "matchers": [
              {
                "match": "type"
              }
            ],
            "combine": "AND"
          },
          "$.layout.sections.productListingSection.components.components_0.data.productGrid.productTiles.productTiles_26.isSponsored": {
            "matchers": [
              {
                "match": "type"
              }
            ],
            "combine": "AND"
          },
          "$.layout.sections.productListingSection.components.components_0.data.productGrid.productTiles.productTiles_26.isComplementarySponsored": {
            "matchers": [
              {
                "match": "type"
              }
            ],
            "combine": "AND"
          },
          "$.layout.sections.productListingSection.components.components_0.data.productGrid.productTiles.productTiles_27.pricingUnits.interval": {
            "matchers": [
              {
                "match": "number"
              }
            ],
            "combine": "AND"
          },
          "$.layout.sections.productListingSection.components.components_0.data.productGrid.productTiles.productTiles_27.pricingUnits.minOrderQuantity": {
            "matchers": [
              {
                "match": "number"
              }
            ],
            "combine": "AND"
          },
          "$.layout.sections.productListingSection.components.components_0.data.productGrid.productTiles.productTiles_27.pricingUnits.maxOrderQuantity": {
            "matchers": [
              {
                "match": "number"
              }
            ],
            "combine": "AND"
          },
          "$.layout.sections.productListingSection.components.components_0.data.productGrid.productTiles.productTiles_27.pricingUnits.weighted": {
            "matchers": [
              {
                "match": "type"
              }
            ],
            "combine": "AND"
          },
          "$.layout.sections.productListingSection.components.components_0.data.productGrid.productTiles.productTiles_27.isVariant": {
            "matchers": [
              {
                "match": "type"
              }
            ],
            "combine": "AND"
          },
          "$.layout.sections.productListingSection.components.components_0.data.productGrid.productTiles.productTiles_27.isSponsored": {
            "matchers": [
              {
                "match": "type"
              }
            ],
            "combine": "AND"
          },
          "$.layout.sections.productListingSection.components.components_0.data.productGrid.productTiles.productTiles_27.isComplementarySponsored": {
            "matchers": [
              {
                "match": "type"
              }
            ],
            "combine": "AND"
          },
          "$.layout.sections.productListingSection.components.components_0.data.productGrid.productTiles.productTiles_28.pricingUnits.interval": {
            "matchers": [
              {
                "match": "number"
              }
            ],
            "combine": "AND"
          },
          "$.layout.sections.productListingSection.components.components_0.data.productGrid.productTiles.productTiles_28.pricingUnits.minOrderQuantity": {
            "matchers": [
              {
                "match": "number"
              }
            ],
            "combine": "AND"
          },
          "$.layout.sections.productListingSection.components.components_0.data.productGrid.productTiles.productTiles_28.pricingUnits.maxOrderQuantity": {
            "matchers": [
              {
                "match": "number"
              }
            ],
            "combine": "AND"
          },
          "$.layout.sections.productListingSection.components.components_0.data.productGrid.productTiles.productTiles_28.pricingUnits.weighted": {
            "matchers": [
              {
                "match": "type"
              }
            ],
            "combine": "AND"
          },
          "$.layout.sections.productListingSection.components.components_0.data.productGrid.productTiles.productTiles_28.isVariant": {
            "matchers": [
              {
                "match": "type"
              }
            ],
            "combine": "AND"
          },
          "$.layout.sections.productListingSection.components.components_0.data.productGrid.productTiles.productTiles_28.isSponsored": {
            "matchers": [
              {
                "match": "type"
              }
            ],
            "combine": "AND"
          },
          "$.layout.sections.productListingSection.components.components_0.data.productGrid.productTiles.productTiles_28.isComplementarySponsored": {
            "matchers": [
              {
                "match": "type"
              }
            ],
            "combine": "AND"
          },
          "$.layout.sections.productListingSection.components.components_0.data.productGrid.productTiles.productTiles_29.pricingUnits.interval": {
            "matchers": [
              {
                "match": "number"
              }
            ],
            "combine": "AND"
          },
          "$.layout.sections.productListingSection.components.components_0.data.productGrid.productTiles.productTiles_29.pricingUnits.minOrderQuantity": {
            "matchers": [
              {
                "match": "number"
              }
            ],
            "combine": "AND"
          },
          "$.layout.sections.productListingSection.components.components_0.data.productGrid.productTiles.productTiles_29.pricingUnits.maxOrderQuantity": {
            "matchers": [
              {
                "match": "number"
              }
            ],
            "combine": "AND"
          },
          "$.layout.sections.productListingSection.components.components_0.data.productGrid.productTiles.productTiles_29.pricingUnits.weighted": {
            "matchers": [
              {
                "match": "type"
              }
            ],
            "combine": "AND"
          },
          "$.layout.sections.productListingSection.components.components_0.data.productGrid.productTiles.productTiles_29.isVariant": {
            "matchers": [
              {
                "match": "type"
              }
            ],
            "combine": "AND"
          },
          "$.layout.sections.productListingSection.components.components_0.data.productGrid.productTiles.productTiles_29.isSponsored": {
            "matchers": [
              {
                "match": "type"
              }
            ],
            "combine": "AND"
          },
          "$.layout.sections.productListingSection.components.components_0.data.productGrid.productTiles.productTiles_29.isComplementarySponsored": {
            "matchers": [
              {
                "match": "type"
              }
            ],
            "combine": "AND"
          },
          "$.layout.sections.productListingSection.components.components_0.data.productGrid.productTiles.productTiles_30.pricingUnits.interval": {
            "matchers": [
              {
                "match": "number"
              }
            ],
            "combine": "AND"
          },
          "$.layout.sections.productListingSection.components.components_0.data.productGrid.productTiles.productTiles_30.pricingUnits.minOrderQuantity": {
            "matchers": [
              {
                "match": "number"
              }
            ],
            "combine": "AND"
          },
          "$.layout.sections.productListingSection.components.components_0.data.productGrid.productTiles.productTiles_30.pricingUnits.maxOrderQuantity": {
            "matchers": [
              {
                "match": "number"
              }
            ],
            "combine": "AND"
          },
          "$.layout.sections.productListingSection.components.components_0.data.productGrid.productTiles.productTiles_30.pricingUnits.weighted": {
            "matchers": [
              {
                "match": "type"
              }
            ],
            "combine": "AND"
          },
          "$.layout.sections.productListingSection.components.components_0.data.productGrid.productTiles.productTiles_30.isVariant": {
            "matchers": [
              {
                "match": "type"
              }
            ],
            "combine": "AND"
          },
          "$.layout.sections.productListingSection.components.components_0.data.productGrid.productTiles.productTiles_30.isSponsored": {
            "matchers": [
              {
                "match": "type"
              }
            ],
            "combine": "AND"
          },
          "$.layout.sections.productListingSection.components.components_0.data.productGrid.productTiles.productTiles_30.isComplementarySponsored": {
            "matchers": [
              {
                "match": "type"
              }
            ],
            "combine": "AND"
          },
          "$.layout.sections.productListingSection.components.components_0.data.productGrid.productTiles.productTiles_31.pricingUnits.interval": {
            "matchers": [
              {
                "match": "number"
              }
            ],
            "combine": "AND"
          },
          "$.layout.sections.productListingSection.components.components_0.data.productGrid.productTiles.productTiles_31.pricingUnits.minOrderQuantity": {
            "matchers": [
              {
                "match": "number"
              }
            ],
            "combine": "AND"
          },
          "$.layout.sections.productListingSection.components.components_0.data.productGrid.productTiles.productTiles_31.pricingUnits.maxOrderQuantity": {
            "matchers": [
              {
                "match": "number"
              }
            ],
            "combine": "AND"
          },
          "$.layout.sections.productListingSection.components.components_0.data.productGrid.productTiles.productTiles_31.pricingUnits.weighted": {
            "matchers": [
              {
                "match": "type"
              }
            ],
            "combine": "AND"
          },
          "$.layout.sections.productListingSection.components.components_0.data.productGrid.productTiles.productTiles_31.deal.points": {
            "matchers": [
              {
                "match": "number"
              }
            ],
            "combine": "AND"
          },
          "$.layout.sections.productListingSection.components.components_0.data.productGrid.productTiles.productTiles_31.isVariant": {
            "matchers": [
              {
                "match": "type"
              }
            ],
            "combine": "AND"
          },
          "$.layout.sections.productListingSection.components.components_0.data.productGrid.productTiles.productTiles_31.isSponsored": {
            "matchers": [
              {
                "match": "type"
              }
            ],
            "combine": "AND"
          },
          "$.layout.sections.productListingSection.components.components_0.data.productGrid.productTiles.productTiles_31.isComplementarySponsored": {
            "matchers": [
              {
                "match": "type"
              }
            ],
            "combine": "AND"
          },
          "$.layout.sections.productListingSection.components.components_0.data.productGrid.productTiles.productTiles_32.pricingUnits.interval": {
            "matchers": [
              {
                "match": "number"
              }
            ],
            "combine": "AND"
          },
          "$.layout.sections.productListingSection.components.components_0.data.productGrid.productTiles.productTiles_32.pricingUnits.minOrderQuantity": {
            "matchers": [
              {
                "match": "number"
              }
            ],
            "combine": "AND"
          },
          "$.layout.sections.productListingSection.components.components_0.data.productGrid.productTiles.productTiles_32.pricingUnits.maxOrderQuantity": {
            "matchers": [
              {
                "match": "number"
              }
            ],
            "combine": "AND"
          },
          "$.layout.sections.productListingSection.components.components_0.data.productGrid.productTiles.productTiles_32.pricingUnits.weighted": {
            "matchers": [
              {
                "match": "type"
              }
            ],
            "combine": "AND"
          },
          "$.layout.sections.productListingSection.components.components_0.data.productGrid.productTiles.productTiles_32.isVariant": {
            "matchers": [
              {
                "match": "type"
              }
            ],
            "combine": "AND"
          },
          "$.layout.sections.productListingSection.components.components_0.data.productGrid.productTiles.productTiles_32.isSponsored": {
            "matchers": [
              {
                "match": "type"
              }
            ],
            "combine": "AND"
          },
          "$.layout.sections.productListingSection.components.components_0.data.productGrid.productTiles.productTiles_32.isComplementarySponsored": {
            "matchers": [
              {
                "match": "type"
              }
            ],
            "combine": "AND"
          },
          "$.layout.sections.productListingSection.components.components_0.data.productGrid.productTiles.productTiles_33.pricingUnits.interval": {
            "matchers": [
              {
                "match": "number"
              }
            ],
            "combine": "AND"
          },
          "$.layout.sections.productListingSection.components.components_0.data.productGrid.productTiles.productTiles_33.pricingUnits.minOrderQuantity": {
            "matchers": [
              {
                "match": "number"
              }
            ],
            "combine": "AND"
          },
          "$.layout.sections.productListingSection.components.components_0.data.productGrid.productTiles.productTiles_33.pricingUnits.maxOrderQuantity": {
            "matchers": [
              {
                "match": "number"
              }
            ],
            "combine": "AND"
          },
          "$.layout.sections.productListingSection.components.components_0.data.productGrid.productTiles.productTiles_33.pricingUnits.weighted": {
            "matchers": [
              {
                "match": "type"
              }
            ],
            "combine": "AND"
          },
          "$.layout.sections.productListingSection.components.components_0.data.productGrid.productTiles.productTiles_33.isVariant": {
            "matchers": [
              {
                "match": "type"
              }
            ],
            "combine": "AND"
          },
          "$.layout.sections.productListingSection.components.components_0.data.productGrid.productTiles.productTiles_33.isSponsored": {
            "matchers": [
              {
                "match": "type"
              }
            ],
            "combine": "AND"
          },
          "$.layout.sections.productListingSection.components.components_0.data.productGrid.productTiles.productTiles_33.isComplementarySponsored": {
            "matchers": [
              {
                "match": "type"
              }
            ],
            "combine": "AND"
          },
          "$.layout.sections.productListingSection.components.components_0.data.productGrid.productTiles.productTiles_34.pricingUnits.interval": {
            "matchers": [
              {
                "match": "number"
              }
            ],
            "combine": "AND"
          },
          "$.layout.sections.productListingSection.components.components_0.data.productGrid.productTiles.productTiles_34.pricingUnits.minOrderQuantity": {
            "matchers": [
              {
                "match": "number"
              }
            ],
            "combine": "AND"
          },
          "$.layout.sections.productListingSection.components.components_0.data.productGrid.productTiles.productTiles_34.pricingUnits.maxOrderQuantity": {
            "matchers": [
              {
                "match": "number"
              }
            ],
            "combine": "AND"
          },
          "$.layout.sections.productListingSection.components.components_0.data.productGrid.productTiles.productTiles_34.pricingUnits.weighted": {
            "matchers": [
              {
                "match": "type"
              }
            ],
            "combine": "AND"
          },
          "$.layout.sections.productListingSection.components.components_0.data.productGrid.productTiles.productTiles_34.isVariant": {
            "matchers": [
              {
                "match": "type"
              }
            ],
            "combine": "AND"
          },
          "$.layout.sections.productListingSection.components.components_0.data.productGrid.productTiles.productTiles_34.isSponsored": {
            "matchers": [
              {
                "match": "type"
              }
            ],
            "combine": "AND"
          },
          "$.layout.sections.productListingSection.components.components_0.data.productGrid.productTiles.productTiles_34.isComplementarySponsored": {
            "matchers": [
              {
                "match": "type"
              }
            ],
            "combine": "AND"
          },
          "$.layout.sections.productListingSection.components.components_0.data.productGrid.productTiles.productTiles_35.pricingUnits.interval": {
            "matchers": [
              {
                "match": "number"
              }
            ],
            "combine": "AND"
          },
          "$.layout.sections.productListingSection.components.components_0.data.productGrid.productTiles.productTiles_35.pricingUnits.minOrderQuantity": {
            "matchers": [
              {
                "match": "number"
              }
            ],
            "combine": "AND"
          },
          "$.layout.sections.productListingSection.components.components_0.data.productGrid.productTiles.productTiles_35.pricingUnits.maxOrderQuantity": {
            "matchers": [
              {
                "match": "number"
              }
            ],
            "combine": "AND"
          },
          "$.layout.sections.productListingSection.components.components_0.data.productGrid.productTiles.productTiles_35.pricingUnits.weighted": {
            "matchers": [
              {
                "match": "type"
              }
            ],
            "combine": "AND"
          },
          "$.layout.sections.productListingSection.components.components_0.data.productGrid.productTiles.productTiles_35.deal.points": {
            "matchers": [
              {
                "match": "number"
              }
            ],
            "combine": "AND"
          },
          "$.layout.sections.productListingSection.components.components_0.data.productGrid.productTiles.productTiles_35.isVariant": {
            "matchers": [
              {
                "match": "type"
              }
            ],
            "combine": "AND"
          },
          "$.layout.sections.productListingSection.components.components_0.data.productGrid.productTiles.productTiles_35.isSponsored": {
            "matchers": [
              {
                "match": "type"
              }
            ],
            "combine": "AND"
          },
          "$.layout.sections.productListingSection.components.components_0.data.productGrid.productTiles.productTiles_35.isComplementarySponsored": {
            "matchers": [
              {
                "match": "type"
              }
            ],
            "combine": "AND"
          },
          "$.layout.sections.productListingSection.components.components_0.data.productGrid.productTiles.productTiles_36.pricingUnits.interval": {
            "matchers": [
              {
                "match": "number"
              }
            ],
            "combine": "AND"
          },
          "$.layout.sections.productListingSection.components.components_0.data.productGrid.productTiles.productTiles_36.pricingUnits.minOrderQuantity": {
            "matchers": [
              {
                "match": "number"
              }
            ],
            "combine": "AND"
          },
          "$.layout.sections.productListingSection.components.components_0.data.productGrid.productTiles.productTiles_36.pricingUnits.maxOrderQuantity": {
            "matchers": [
              {
                "match": "number"
              }
            ],
            "combine": "AND"
          },
          "$.layout.sections.productListingSection.components.components_0.data.productGrid.productTiles.productTiles_36.pricingUnits.weighted": {
            "matchers": [
              {
                "match": "type"
              }
            ],
            "combine": "AND"
          },
          "$.layout.sections.productListingSection.components.components_0.data.productGrid.productTiles.productTiles_36.isVariant": {
            "matchers": [
              {
                "match": "type"
              }
            ],
            "combine": "AND"
          },
          "$.layout.sections.productListingSection.components.components_0.data.productGrid.productTiles.productTiles_36.isSponsored": {
            "matchers": [
              {
                "match": "type"
              }
            ],
            "combine": "AND"
          },
          "$.layout.sections.productListingSection.components.components_0.data.productGrid.productTiles.productTiles_36.isComplementarySponsored": {
            "matchers": [
              {
                "match": "type"
              }
            ],
            "combine": "AND"
          },
          "$.layout.sections.productListingSection.components.components_0.data.productGrid.productTiles.productTiles_37.pricingUnits.interval": {
            "matchers": [
              {
                "match": "number"
              }
            ],
            "combine": "AND"
          },
          "$.layout.sections.productListingSection.components.components_0.data.productGrid.productTiles.productTiles_37.pricingUnits.minOrderQuantity": {
            "matchers": [
              {
                "match": "number"
              }
            ],
            "combine": "AND"
          },
          "$.layout.sections.productListingSection.components.components_0.data.productGrid.productTiles.productTiles_37.pricingUnits.maxOrderQuantity": {
            "matchers": [
              {
                "match": "number"
              }
            ],
            "combine": "AND"
          },
          "$.layout.sections.productListingSection.components.components_0.data.productGrid.productTiles.productTiles_37.pricingUnits.weighted": {
            "matchers": [
              {
                "match": "type"
              }
            ],
            "combine": "AND"
          },
          "$.layout.sections.productListingSection.components.components_0.data.productGrid.productTiles.productTiles_37.isVariant": {
            "matchers": [
              {
                "match": "type"
              }
            ],
            "combine": "AND"
          },
          "$.layout.sections.productListingSection.components.components_0.data.productGrid.productTiles.productTiles_37.isSponsored": {
            "matchers": [
              {
                "match": "type"
              }
            ],
            "combine": "AND"
          },
          "$.layout.sections.productListingSection.components.components_0.data.productGrid.productTiles.productTiles_37.isComplementarySponsored": {
            "matchers": [
              {
                "match": "type"
              }
            ],
            "combine": "AND"
          },
          "$.layout.sections.productListingSection.components.components_0.data.productGrid.productTiles.productTiles_38.pricingUnits.interval": {
            "matchers": [
              {
                "match": "number"
              }
            ],
            "combine": "AND"
          },
          "$.layout.sections.productListingSection.components.components_0.data.productGrid.productTiles.productTiles_38.pricingUnits.minOrderQuantity": {
            "matchers": [
              {
                "match": "number"
              }
            ],
            "combine": "AND"
          },
          "$.layout.sections.productListingSection.components.components_0.data.productGrid.productTiles.productTiles_38.pricingUnits.maxOrderQuantity": {
            "matchers": [
              {
                "match": "number"
              }
            ],
            "combine": "AND"
          },
          "$.layout.sections.productListingSection.components.components_0.data.productGrid.productTiles.productTiles_38.pricingUnits.weighted": {
            "matchers": [
              {
                "match": "type"
              }
            ],
            "combine": "AND"
          },
          "$.layout.sections.productListingSection.components.components_0.data.productGrid.productTiles.productTiles_38.isVariant": {
            "matchers": [
              {
                "match": "type"
              }
            ],
            "combine": "AND"
          },
          "$.layout.sections.productListingSection.components.components_0.data.productGrid.productTiles.productTiles_38.isSponsored": {
            "matchers": [
              {
                "match": "type"
              }
            ],
            "combine": "AND"
          },
          "$.layout.sections.productListingSection.components.components_0.data.productGrid.productTiles.productTiles_38.isComplementarySponsored": {
            "matchers": [
              {
                "match": "type"
              }
            ],
            "combine": "AND"
          },
          "$.layout.sections.productListingSection.components.components_0.data.productGrid.productTiles.productTiles_39.pricingUnits.interval": {
            "matchers": [
              {
                "match": "number"
              }
            ],
            "combine": "AND"
          },
          "$.layout.sections.productListingSection.components.components_0.data.productGrid.productTiles.productTiles_39.pricingUnits.minOrderQuantity": {
            "matchers": [
              {
                "match": "number"
              }
            ],
            "combine": "AND"
          },
          "$.layout.sections.productListingSection.components.components_0.data.productGrid.productTiles.productTiles_39.pricingUnits.maxOrderQuantity": {
            "matchers": [
              {
                "match": "number"
              }
            ],
            "combine": "AND"
          },
          "$.layout.sections.productListingSection.components.components_0.data.productGrid.productTiles.productTiles_39.pricingUnits.weighted": {
            "matchers": [
              {
                "match": "type"
              }
            ],
            "combine": "AND"
          },
          "$.layout.sections.productListingSection.components.components_0.data.productGrid.productTiles.productTiles_39.isVariant": {
            "matchers": [
              {
                "match": "type"
              }
            ],
            "combine": "AND"
          },
          "$.layout.sections.productListingSection.components.components_0.data.productGrid.productTiles.productTiles_39.isSponsored": {
            "matchers": [
              {
                "match": "type"
              }
            ],
            "combine": "AND"
          },
          "$.layout.sections.productListingSection.components.components_0.data.productGrid.productTiles.productTiles_39.isComplementarySponsored": {
            "matchers": [
              {
                "match": "type"
              }
            ],
            "combine": "AND"
          },
          "$.layout.sections.productListingSection.components.components_0.data.productGrid.productTiles.productTiles_40.pricingUnits.interval": {
            "matchers": [
              {
                "match": "number"
              }
            ],
            "combine": "AND"
          },
          "$.layout.sections.productListingSection.components.components_0.data.productGrid.productTiles.productTiles_40.pricingUnits.minOrderQuantity": {
            "matchers": [
              {
                "match": "number"
              }
            ],
            "combine": "AND"
          },
          "$.layout.sections.productListingSection.components.components_0.data.productGrid.productTiles.productTiles_40.pricingUnits.maxOrderQuantity": {
            "matchers": [
              {
                "match": "number"
              }
            ],
            "combine": "AND"
          },
          "$.layout.sections.productListingSection.components.components_0.data.productGrid.productTiles.productTiles_40.pricingUnits.weighted": {
            "matchers": [
              {
                "match": "type"
              }
            ],
            "combine": "AND"
          },
          "$.layout.sections.productListingSection.components.components_0.data.productGrid.productTiles.productTiles_40.isVariant": {
            "matchers": [
              {
                "match": "type"
              }
            ],
            "combine": "AND"
          },
          "$.layout.sections.productListingSection.components.components_0.data.productGrid.productTiles.productTiles_40.isSponsored": {
            "matchers": [
              {
                "match": "type"
              }
            ],
            "combine": "AND"
          },
          "$.layout.sections.productListingSection.components.components_0.data.productGrid.productTiles.productTiles_40.isComplementarySponsored": {
            "matchers": [
              {
                "match": "type"
              }
            ],
            "combine": "AND"
          },
          "$.layout.sections.productListingSection.components.components_0.data.productGrid.productTiles.productTiles_41.pricingUnits.interval": {
            "matchers": [
              {
                "match": "number"
              }
            ],
            "combine": "AND"
          },
          "$.layout.sections.productListingSection.components.components_0.data.productGrid.productTiles.productTiles_41.pricingUnits.minOrderQuantity": {
            "matchers": [
              {
                "match": "number"
              }
            ],
            "combine": "AND"
          },
          "$.layout.sections.productListingSection.components.components_0.data.productGrid.productTiles.productTiles_41.pricingUnits.maxOrderQuantity": {
            "matchers": [
              {
                "match": "number"
              }
            ],
            "combine": "AND"
          },
          "$.layout.sections.productListingSection.components.components_0.data.productGrid.productTiles.productTiles_41.pricingUnits.weighted": {
            "matchers": [
              {
                "match": "type"
              }
            ],
            "combine": "AND"
          },
          "$.layout.sections.productListingSection.components.components_0.data.productGrid.productTiles.productTiles_41.isVariant": {
            "matchers": [
              {
                "match": "type"
              }
            ],
            "combine": "AND"
          },
          "$.layout.sections.productListingSection.components.components_0.data.productGrid.productTiles.productTiles_41.isSponsored": {
            "matchers": [
              {
                "match": "type"
              }
            ],
            "combine": "AND"
          },
          "$.layout.sections.productListingSection.components.components_0.data.productGrid.productTiles.productTiles_41.isComplementarySponsored": {
            "matchers": [
              {
                "match": "type"
              }
            ],
            "combine": "AND"
          },
          "$.layout.sections.productListingSection.components.components_0.data.productGrid.productTiles.productTiles_42.pricingUnits.interval": {
            "matchers": [
              {
                "match": "number"
              }
            ],
            "combine": "AND"
          },
          "$.layout.sections.productListingSection.components.components_0.data.productGrid.productTiles.productTiles_42.pricingUnits.minOrderQuantity": {
            "matchers": [
              {
                "match": "number"
              }
            ],
            "combine": "AND"
          },
          "$.layout.sections.productListingSection.components.components_0.data.productGrid.productTiles.productTiles_42.pricingUnits.maxOrderQuantity": {
            "matchers": [
              {
                "match": "number"
              }
            ],
            "combine": "AND"
          },
          "$.layout.sections.productListingSection.components.components_0.data.productGrid.productTiles.productTiles_42.pricingUnits.weighted": {
            "matchers": [
              {
                "match": "type"
              }
            ],
            "combine": "AND"
          },
          "$.layout.sections.productListingSection.components.components_0.data.productGrid.productTiles.productTiles_42.isVariant": {
            "matchers": [
              {
                "match": "type"
              }
            ],
            "combine": "AND"
          },
          "$.layout.sections.productListingSection.components.components_0.data.productGrid.productTiles.productTiles_42.isSponsored": {
            "matchers": [
              {
                "match": "type"
              }
            ],
            "combine": "AND"
          },
          "$.layout.sections.productListingSection.components.components_0.data.productGrid.productTiles.productTiles_42.isComplementarySponsored": {
            "matchers": [
              {
                "match": "type"
              }
            ],
            "combine": "AND"
          },
          "$.layout.sections.productListingSection.components.components_0.data.productGrid.productTiles.productTiles_43.pricingUnits.interval": {
            "matchers": [
              {
                "match": "number"
              }
            ],
            "combine": "AND"
          },
          "$.layout.sections.productListingSection.components.components_0.data.productGrid.productTiles.productTiles_43.pricingUnits.minOrderQuantity": {
            "matchers": [
              {
                "match": "number"
              }
            ],
            "combine": "AND"
          },
          "$.layout.sections.productListingSection.components.components_0.data.productGrid.productTiles.productTiles_43.pricingUnits.maxOrderQuantity": {
            "matchers": [
              {
                "match": "number"
              }
            ],
            "combine": "AND"
          },
          "$.layout.sections.productListingSection.components.components_0.data.productGrid.productTiles.productTiles_43.pricingUnits.weighted": {
            "matchers": [
              {
                "match": "type"
              }
            ],
            "combine": "AND"
          },
          "$.layout.sections.productListingSection.components.components_0.data.productGrid.productTiles.productTiles_43.isVariant": {
            "matchers": [
              {
                "match": "type"
              }
            ],
            "combine": "AND"
          },
          "$.layout.sections.productListingSection.components.components_0.data.productGrid.productTiles.productTiles_43.isSponsored": {
            "matchers": [
              {
                "match": "type"
              }
            ],
            "combine": "AND"
          },
          "$.layout.sections.productListingSection.components.components_0.data.productGrid.productTiles.productTiles_43.isComplementarySponsored": {
            "matchers": [
              {
                "match": "type"
              }
            ],
            "combine": "AND"
          },
          "$.layout.sections.productListingSection.components.components_0.data.productGrid.productTiles.productTiles_44.pricingUnits.interval": {
            "matchers": [
              {
                "match": "number"
              }
            ],
            "combine": "AND"
          },
          "$.layout.sections.productListingSection.components.components_0.data.productGrid.productTiles.productTiles_44.pricingUnits.minOrderQuantity": {
            "matchers": [
              {
                "match": "number"
              }
            ],
            "combine": "AND"
          },
          "$.layout.sections.productListingSection.components.components_0.data.productGrid.productTiles.productTiles_44.pricingUnits.maxOrderQuantity": {
            "matchers": [
              {
                "match": "number"
              }
            ],
            "combine": "AND"
          },
          "$.layout.sections.productListingSection.components.components_0.data.productGrid.productTiles.productTiles_44.pricingUnits.weighted": {
            "matchers": [
              {
                "match": "type"
              }
            ],
            "combine": "AND"
          },
          "$.layout.sections.productListingSection.components.components_0.data.productGrid.productTiles.productTiles_44.isVariant": {
            "matchers": [
              {
                "match": "type"
              }
            ],
            "combine": "AND"
          },
          "$.layout.sections.productListingSection.components.components_0.data.productGrid.productTiles.productTiles_44.isSponsored": {
            "matchers": [
              {
                "match": "type"
              }
            ],
            "combine": "AND"
          },
          "$.layout.sections.productListingSection.components.components_0.data.productGrid.productTiles.productTiles_44.isComplementarySponsored": {
            "matchers": [
              {
                "match": "type"
              }
            ],
            "combine": "AND"
          },
          "$.layout.sections.productListingSection.components.components_0.data.productGrid.productTiles.productTiles_45.pricingUnits.interval": {
            "matchers": [
              {
                "match": "number"
              }
            ],
            "combine": "AND"
          },
          "$.layout.sections.productListingSection.components.components_0.data.productGrid.productTiles.productTiles_45.pricingUnits.minOrderQuantity": {
            "matchers": [
              {
                "match": "number"
              }
            ],
            "combine": "AND"
          },
          "$.layout.sections.productListingSection.components.components_0.data.productGrid.productTiles.productTiles_45.pricingUnits.maxOrderQuantity": {
            "matchers": [
              {
                "match": "number"
              }
            ],
            "combine": "AND"
          },
          "$.layout.sections.productListingSection.components.components_0.data.productGrid.productTiles.productTiles_45.pricingUnits.weighted": {
            "matchers": [
              {
                "match": "type"
              }
            ],
            "combine": "AND"
          },
          "$.layout.sections.productListingSection.components.components_0.data.productGrid.productTiles.productTiles_45.isVariant": {
            "matchers": [
              {
                "match": "type"
              }
            ],
            "combine": "AND"
          },
          "$.layout.sections.productListingSection.components.components_0.data.productGrid.productTiles.productTiles_45.isSponsored": {
            "matchers": [
              {
                "match": "type"
              }
            ],
            "combine": "AND"
          },
          "$.layout.sections.productListingSection.components.components_0.data.productGrid.productTiles.productTiles_45.isComplementarySponsored": {
            "matchers": [
              {
                "match": "type"
              }
            ],
            "combine": "AND"
          },
          "$.layout.sections.productListingSection.components.components_0.data.productGrid.productTiles.productTiles_46.pricingUnits.interval": {
            "matchers": [
              {
                "match": "number"
              }
            ],
            "combine": "AND"
          },
          "$.layout.sections.productListingSection.components.components_0.data.productGrid.productTiles.productTiles_46.pricingUnits.minOrderQuantity": {
            "matchers": [
              {
                "match": "number"
              }
            ],
            "combine": "AND"
          },
          "$.layout.sections.productListingSection.components.components_0.data.productGrid.productTiles.productTiles_46.pricingUnits.maxOrderQuantity": {
            "matchers": [
              {
                "match": "number"
              }
            ],
            "combine": "AND"
          },
          "$.layout.sections.productListingSection.components.components_0.data.productGrid.productTiles.productTiles_46.pricingUnits.weighted": {
            "matchers": [
              {
                "match": "type"
              }
            ],
            "combine": "AND"
          },
          "$.layout.sections.productListingSection.components.components_0.data.productGrid.productTiles.productTiles_46.isVariant": {
            "matchers": [
              {
                "match": "type"
              }
            ],
            "combine": "AND"
          },
          "$.layout.sections.productListingSection.components.components_0.data.productGrid.productTiles.productTiles_46.isSponsored": {
            "matchers": [
              {
                "match": "type"
              }
            ],
            "combine": "AND"
          },
          "$.layout.sections.productListingSection.components.components_0.data.productGrid.productTiles.productTiles_46.isComplementarySponsored": {
            "matchers": [
              {
                "match": "type"
              }
            ],
            "combine": "AND"
          },
          "$.viewMetaData.addMetaNoRobots": {
            "matchers": [
              {
                "match": "type"
              }
            ],
            "combine": "AND"
          }
        }
      }
    }
  ],
  "metadata": {
    "pactSpecification": {
      "version": "3.0.0"
    },
    "pact-jvm": {
      "version": "4.0.10"
    }
  }
}