{
  "contentId": null,
  "categoryId": "28195",
  "categoryDisplayName": "Fresh Vegetables",
  "layout": {
    "typeId": "productListingPageLayout",
    "sections": {
      "productListingSection": {
        "components": [
          {
            "componentId": "productListingComponent",
            "contentId": "4wQbigEC28rot8QSzTyVbt",
            "variantId": null,
            "id": "4wQbigEC28rot8QSzTyVbt",
            "data": {
              "noResultsText": 123,
              "categoryNavigation": {
                "headline": null,
                "navigation": {
                  "parentNode": {
                    "displayName": "Fruits & Vegetables",
                    "url": "/food/fruits-vegetables/c/28000",
                    "childNodes": null,
                    "active": null
                  },
                  "displayName": "Fresh Vegetables",
                  "url": "/food/fruits-vegetables/fresh-vegetables/c/28195",
                  "childNodes": [
                    {
                      "displayName": "See All",
                      "url": "/food/fruits-vegetables/fresh-vegetables/c/28195",
                      "childNodes": null,
                      "active": null
                    },
                    {
                      "displayName": "Carrots, Radish & Root Vegetables",
                      "url": "/food/fruits-vegetables/fresh-vegetables/carrots-radish-root-vegetables/c/29593",
                      "childNodes": null,
                      "active": null
                    },
                    {
                      "displayName": "Ginger & Garlic",
                      "url": "/food/fruits-vegetables/fresh-vegetables/ginger-garlic/c/29594",
                      "childNodes": null,
                      "active": null
                    },
                    {
                      "displayName": "Squash & Pumpkin",
                      "url": "/food/fruits-vegetables/fresh-vegetables/squash-pumpkin/c/29595",
                      "childNodes": null,
                      "active": null
                    },
                    {
                      "displayName": "Asparagus & Artichokes",
                      "url": "/food/fruits-vegetables/fresh-vegetables/asparagus-artichokes/c/29596",
                      "childNodes": null,
                      "active": null
                    },
                    {
                      "displayName": "Peas, Beans & Corn",
                      "url": "/food/fruits-vegetables/fresh-vegetables/peas-beans-corn/c/29597",
                      "childNodes": null,
                      "active": null
                    },
                    {
                      "displayName": "International & Specialty Vegetables",
                      "url": "/food/fruits-vegetables/fresh-vegetables/international-specialty-vegetables/c/29598",
                      "childNodes": null,
                      "active": null
                    },
                    {
                      "displayName": "Broccoli, Cabbage & Cauliflower",
                      "url": "/food/fruits-vegetables/fresh-vegetables/broccoli-cabbage-cauliflower/c/29611",
                      "childNodes": null,
                      "active": null
                    },
                    {
                      "displayName": "Lettuce & Leafy Vegetables",
                      "url": "/food/fruits-vegetables/fresh-vegetables/lettuce-leafy-vegetables/c/29612",
                      "childNodes": null,
                      "active": null
                    },
                    {
                      "displayName": "Tomatoes & Peppers",
                      "url": "/food/fruits-vegetables/fresh-vegetables/tomatoes-peppers/c/29613",
                      "childNodes": null,
                      "active": null
                    },
                    {
                      "displayName": "Mushrooms",
                      "url": "/food/fruits-vegetables/fresh-vegetables/mushrooms/c/29614",
                      "childNodes": null,
                      "active": null
                    },
                    {
                      "displayName": "Cucumber, Celery & Leeks",
                      "url": "/food/fruits-vegetables/fresh-vegetables/cucumber-celery-leeks/c/29615",
                      "childNodes": null,
                      "active": null
                    },
                    {
                      "displayName": "Eggplant & Zucchini",
                      "url": "/food/fruits-vegetables/fresh-vegetables/eggplant-zucchini/c/29616",
                      "childNodes": null,
                      "active": null
                    },
                    {
                      "displayName": "Potatos & Onions",
                      "url": "/food/fruits-vegetables/fresh-vegetables/potatos-onions/c/29617",
                      "childNodes": null,
                      "active": null
                    }
                  ]
                }
              },
              "breadcrumbs": [
                {
                  "text": "Food",
                  "url": "/food/c/27985"
                },
                {
                  "text": "Fruits & Vegetables",
                  "url": "/food/fruits-vegetables/c/28000"
                },
                {
                  "text": "Fresh Vegetables",
                  "url": null
                }
              ],
              "headline": "Fresh Vegetables",
              "disclaimerText": "Prices are subject to change based on offers available at pickup time. Your total and receipt will reflect any changes.",
              "filterGroups": [
                {
                  "code": "productBrand",
                  "name": "Brand",
                  "multiSelect": true,
                  "values": [
                    {
                      "code": "N",
                      "name": "No Name",
                      "count": 1,
                      "disabled": null,
                      "selected": false
                    },
                    {
                      "code": "BTYC",
                      "name": "Betty Crocker",
                      "count": 1,
                      "disabled": null,
                      "selected": false
                    },
                    {
                      "code": "PO",
                      "name": "PC Organics",
                      "count": 32,
                      "disabled": null,
                      "selected": false
                    },
                    {
                      "code": "ROO",
                      "name": "Rooster",
                      "count": 1,
                      "disabled": null,
                      "selected": false
                    },
                    {
                      "code": "FM",
                      "name": "Farmer's Market",
                      "count": 16,
                      "disabled": null,
                      "selected": false
                    },
                    {
                      "code": "P",
                      "name": "President's Choice",
                      "count": 17,
                      "disabled": null,
                      "selected": false
                    },
                    {
                      "code": "MNNS",
                      "name": "Manns",
                      "count": 2,
                      "disabled": null,
                      "selected": false
                    },
                    {
                      "code": "TLPC",
                      "name": "The Little Potato Company",
                      "count": 1,
                      "disabled": null,
                      "selected": false
                    }
                  ]
                },
                {
                  "code": "promotions",
                  "name": "Deals",
                  "multiSelect": true,
                  "values": [
                    {
                      "code": "$1,$2,$3,$4,$5",
                      "name": "$1,$2,$3,$4,$5",
                      "count": 9,
                      "disabled": null,
                      "selected": false
                    },
                    {
                      "code": "Price Reduction",
                      "name": "Price Reduction",
                      "count": 9,
                      "disabled": null,
                      "selected": false
                    },
                    {
                      "code": "Multi-Buy",
                      "name": "Multi-Buy",
                      "count": 3,
                      "disabled": null,
                      "selected": false
                    }
                  ]
                },
                {
                  "code": "price ranges",
                  "name": "Price",
                  "multiSelect": true,
                  "values": [
                    {
                      "code": "$1 and under",
                      "name": "$1 and under",
                      "count": 5,
                      "disabled": null,
                      "selected": false
                    },
                    {
                      "code": "$2 and under",
                      "name": "$2 and under",
                      "count": 21,
                      "disabled": null,
                      "selected": false
                    },
                    {
                      "code": "$3 and under",
                      "name": "$3 and under",
                      "count": 41,
                      "disabled": null,
                      "selected": false
                    },
                    {
                      "code": "$4 and under",
                      "name": "$4 and under",
                      "count": 86,
                      "disabled": null,
                      "selected": false
                    },
                    {
                      "code": "$5 and under",
                      "name": "$5 and under",
                      "count": 126,
                      "disabled": null,
                      "selected": false
                    },
                    {
                      "code": "$5-$10",
                      "name": "$5-$10",
                      "count": 69,
                      "disabled": null,
                      "selected": false
                    },
                    {
                      "code": "$10-$15",
                      "name": "$10-$15",
                      "count": 2,
                      "disabled": null,
                      "selected": false
                    },
                    {
                      "code": "$15-$20",
                      "name": "$15-$20",
                      "count": 1,
                      "disabled": null,
                      "selected": false
                    }
                  ]
                },
                {
                  "code": "dietaryCallouts",
                  "name": "Dietary & Lifestyle",
                  "multiSelect": true,
                  "values": [
                    {
                      "code": "peanut_free",
                      "name": "Peanut Free Facility",
                      "count": 1,
                      "disabled": null,
                      "selected": false
                    },
                    {
                      "code": "gluten_free",
                      "name": "Gluten Free",
                      "count": 1,
                      "disabled": null,
                      "selected": false
                    },
                    {
                      "code": "organic",
                      "name": "Organic",
                      "count": 1,
                      "disabled": null,
                      "selected": false
                    }
                  ]
                }
              ],
              "sorts": [
                {
                  "code": "recommended",
                  "name": "Relevance",
                  "selected": true
                },
                {
                  "code": "price-asc",
                  "name": "Price (Low to High)",
                  "selected": false
                },
                {
                  "code": "price-desc",
                  "name": "Price (High to Low)",
                  "selected": false
                },
                {
                  "code": "name-asc",
                  "name": "A-Z (alphabetical)",
                  "selected": false
                },
                {
                  "code": "newest-desc",
                  "name": "Newest to Oldest Products",
                  "selected": false
                }
              ],
              "quickFilters": [
                {
                  "name": "Our Brands",
                  "selected": false,
                  "filterGroup": {
                    "code": "productBrand",
                    "name": "Brand",
                    "multiSelect": true,
                    "values": [
                      {
                        "code": "N",
                        "name": "No Name",
                        "count": 1,
                        "disabled": null,
                        "selected": false
                      },
                      {
                        "code": "PO",
                        "name": "PC Organics",
                        "count": 32,
                        "disabled": null,
                        "selected": false
                      },
                      {
                        "code": "FM",
                        "name": "Farmer's Market",
                        "count": 16,
                        "disabled": null,
                        "selected": false
                      },
                      {
                        "code": "P",
                        "name": "President's Choice",
                        "count": 17,
                        "disabled": null,
                        "selected": false
                      }
                    ]
                  }
                },
                {
                  "name": "Deals",
                  "selected": false,
                  "filterGroup": {
                    "code": "promotions",
                    "name": "Deals",
                    "multiSelect": true,
                    "values": [
                      {
                        "code": "$1,$2,$3,$4,$5",
                        "name": "$1,$2,$3,$4,$5",
                        "count": 9,
                        "disabled": null,
                        "selected": false
                      },
                      {
                        "code": "Price Reduction",
                        "name": "Price Reduction",
                        "count": 9,
                        "disabled": null,
                        "selected": false
                      },
                      {
                        "code": "Multi-Buy",
                        "name": "Multi-Buy",
                        "count": 3,
                        "disabled": null,
                        "selected": false
                      }
                    ]
                  }
                },
                {
                  "name": "Dietary",
                  "selected": false,
                  "filterGroup": {
                    "code": "dietaryCallouts",
                    "name": "Dietary & Lifestyle",
                    "multiSelect": true,
                    "values": [
                      {
                        "code": "gluten_free",
                        "name": "Gluten Free",
                        "count": 1,
                        "disabled": null,
                        "selected": false
                      },
                      {
                        "code": "organic",
                        "name": "Organic",
                        "count": 1,
                        "disabled": null,
                        "selected": false
                      }
                    ]
                  }
                }
              ],
              "adConfiguration1": {
                "slot": "/21915145997/loblaws-ca/27985/28000/28195",
                "lazyLoad": false,
                "refreshTimer": 0,
                "sizeList": {
                  "app": [
                    {
                      "type": "banner",
                      "width": "320",
                      "height": "50"
                    },
                    {
                      "type": "leaderboard",
                      "width": "728",
                      "height": "90"
                    }
                  ],
                  "web": {
                    "mobile": [
                      [
                        0,
                        0
                      ],
                      [
                        [
                          1,
                          1
                        ],
                        [
                          320,
                          50
                        ]
                      ]
                    ],
                    "tablet": [
                      [
                        768,
                        0
                      ],
                      [
                        [
                          1,
                          1
                        ],
                        [
                          728,
                          90
                        ]
                      ]
                    ],
                    "desktop": [
                      [
                        1200,
                        0
                      ],
                      [
                        [
                          1,
                          1
                        ],
                        [
                          970,
                          250
                        ],
                        [
                          728,
                          90
                        ]
                      ]
                    ]
                  }
                },
                "placementType": "plp",
                "categoryList": "27985/28000/28195",
                "position": "1",
                "referrer": null,
                "shoppingType": "OG",
                "brand": null,
                "productCode": null,
                "nav": "jf",
                "forecasting": false,
                "lazyLoadingTriggerThreshold": 0,
                "modalDetails": [],
                "searchTerm": null
              },
              "adAlignment1": null,
              "adConfiguration2": {
                "slot": "/21915145997/loblaws-ca/27985/28000/28195",
                "lazyLoad": false,
                "refreshTimer": 0,
                "sizeList": {
                  "web": {
                    "mobile": [
                      [
                        0,
                        0
                      ],
                      [
                        [
                          1,
                          1
                        ],
                        [
                          300,
                          250
                        ],
                        [
                          300,
                          600
                        ],
                        [
                          160,
                          600
                        ]
                      ]
                    ],
                    "tablet": [
                      [
                        768,
                        0
                      ],
                      [
                        [
                          1,
                          1
                        ],
                        [
                          300,
                          250
                        ],
                        [
                          300,
                          600
                        ],
                        [
                          160,
                          600
                        ]
                      ]
                    ],
                    "desktop": [
                      [
                        1200,
                        0
                      ],
                      [
                        [
                          1,
                          1
                        ],
                        [
                          300,
                          250
                        ],
                        [
                          300,
                          600
                        ],
                        [
                          160,
                          600
                        ]
                      ]
                    ]
                  }
                },
                "placementType": "plp",
                "categoryList": "27985/28000/28195",
                "position": "CPT",
                "referrer": null,
                "shoppingType": "OG",
                "brand": null,
                "productCode": null,
                "nav": "jf",
                "forecasting": false,
                "lazyLoadingTriggerThreshold": 0,
                "modalDetails": [],
                "searchTerm": null
              },
              "adAlignment2": null,
              "productGrid": {
                "pagination": {
                  "pageNumber": 1,
                  "pageSize": 48,
                  "hasMore": true,
                  "totalResults": 197
                },
                "productTiles": [
                  {
                    "productId": "20070132001_EA",
                    "productImage": [
                      {
                        "imageUrl": "https://assets.shop.loblaws.ca/products/20070132001/b2/en/front/20070132001_front_a06_@2.png",
                        "smallUrl": "https://assets.shop.loblaws.ca/products/20070132001/b1/en/front/20070132001_front_a01_@2.png",
                        "mediumUrl": "https://assets.shop.loblaws.ca/products/20070132001/b3/en/front/20070132001_front_a06_@2.png",
                        "largeUrl": "https://assets.shop.loblaws.ca/products/20070132001/b2/en/front/20070132001_front_a06_@2.png",
                        "smallRetinaUrl": "https://assets.shop.loblaws.ca/products/20070132001/b1/en/front/20070132001_front_a01_@2.png",
                        "mediumRetinaUrl": "https://assets.shop.loblaws.ca/products/20070132001/b3/en/front/20070132001_front_a06_@2.png",
                        "largeRetinaUrl": "https://assets.shop.loblaws.ca/products/20070132001/b2/en/front/20070132001_front_a06_@2.png"
                      }
                    ],
                    "brand": null,
                    "title": "English Cucumber",
                    "description": "English (or hothouse) cucumbers are cylindrical green-skinned fruit with a crisp white flesh and edible seeds. English cucumbers are typically enjoyed raw and can be peeled or eaten with the skin on. Add sliced cucumber to your next vegetable platter or toss with mint and lemon juice for a refreshing salad.",
                    "packageSizing": "1 ea, $0.99/1ea",
                    "pricing": {
                      "price": "0.99",
                      "wasPrice": "$1.99",
                      "displayPrice": "$0.99",
                      "memberOnlyPrice": null,
                      "mopDisplayPrice": null
                    },
                    "pricingUnits": {
                      "type": "SOLD_BY_EACH",
                      "unit": "ea",
                      "interval": 1,
                      "minOrderQuantity": 1,
                      "maxOrderQuantity": 25,
                      "weighted": false
                    },
                    "deal": {
                      "type": "SALE",
                      "text": "SAVE $1.00",
                      "points": 0,
                      "name": "SALE",
                      "expiryDate": "2024-06-05T00:00:00Z",
                      "dealPrice": null
                    },
                    "mopDeal": null,
                    "pcoDeal": null,
                    "inventoryIndicator": null,
                    "offerType": "OG",
                    "offerId": "OG",
                    "action": null,
                    "isVariant": false,
                    "link": "/english-cucumber/p/20070132001_EA",
                    "productVendor": null,
                    "productVariant": null,
                    "textBadge": "",
                    "variantTheme": null,
                    "articleNumber": "20070132001",
                    "uom": "EA",
                    "sponsoredCreative": null,
                    "isSponsored": false,
                    "isComplementarySponsored": false,
                    "complementarySponsoredBadgeText": null,
                    "productBadge": null
                  },
                  {
                    "productId": "20107500001_EA",
                    "productImage": [
                      {
                        "imageUrl": "https://assets.shop.loblaws.ca/products/20107500001/b2/en/front/20107500001_front_a06_@2.png",
                        "smallUrl": "https://assets.shop.loblaws.ca/products/20107500001/b1/en/front/20107500001_front_a01_@2.png",
                        "mediumUrl": "https://assets.shop.loblaws.ca/products/20107500001/b3/en/front/20107500001_front_a06_@2.png",
                        "largeUrl": "https://assets.shop.loblaws.ca/products/20107500001/b2/en/front/20107500001_front_a06_@2.png",
                        "smallRetinaUrl": "https://assets.shop.loblaws.ca/products/20107500001/b1/en/front/20107500001_front_a01_@2.png",
                        "mediumRetinaUrl": "https://assets.shop.loblaws.ca/products/20107500001/b3/en/front/20107500001_front_a06_@2.png",
                        "largeRetinaUrl": "https://assets.shop.loblaws.ca/products/20107500001/b2/en/front/20107500001_front_a06_@2.png"
                      }
                    ],
                    "brand": null,
                    "title": "Green Onion",
                    "description": "Green onions have a firm white base with a small rounded bulb and crisp bright green tops. Scallions are similar but have a straighter white base and slightly milder flavour. Chop fresh green onions for salads or pair with mushrooms for a tart or omelette.",
                    "packageSizing": "1 bunch, $1.99/1ea",
                    "pricing": {
                      "price": "1.99",
                      "wasPrice": null,
                      "displayPrice": "$1.99",
                      "memberOnlyPrice": null,
                      "mopDisplayPrice": null
                    },
                    "pricingUnits": {
                      "type": "SOLD_BY_EACH",
                      "unit": "ea",
                      "interval": 1,
                      "minOrderQuantity": 1,
                      "maxOrderQuantity": 25,
                      "weighted": false
                    },
                    "deal": null,
                    "mopDeal": null,
                    "pcoDeal": null,
                    "inventoryIndicator": null,
                    "offerType": "OG",
                    "offerId": "OG",
                    "action": null,
                    "isVariant": false,
                    "link": "/green-onion/p/20107500001_EA",
                    "productVendor": null,
                    "productVariant": null,
                    "textBadge": "",
                    "variantTheme": null,
                    "articleNumber": "20107500001",
                    "uom": "EA",
                    "sponsoredCreative": null,
                    "isSponsored": false,
                    "isComplementarySponsored": false,
                    "complementarySponsoredBadgeText": null,
                    "productBadge": null
                  },
                  {
                    "productId": "20163119001_EA",
                    "productImage": [
                      {
                        "imageUrl": "https://assets.shop.loblaws.ca/products/20163119001/b2/en/front/20163119001_front_a06_@2.png",
                        "smallUrl": "https://assets.shop.loblaws.ca/products/20163119001/b1/en/front/20163119001_front_a01_@2.png",
                        "mediumUrl": "https://assets.shop.loblaws.ca/products/20163119001/b3/en/front/20163119001_front_a06_@2.png",
                        "largeUrl": "https://assets.shop.loblaws.ca/products/20163119001/b2/en/front/20163119001_front_a06_@2.png",
                        "smallRetinaUrl": "https://assets.shop.loblaws.ca/products/20163119001/b1/en/front/20163119001_front_a01_@2.png",
                        "mediumRetinaUrl": "https://assets.shop.loblaws.ca/products/20163119001/b3/en/front/20163119001_front_a06_@2.png",
                        "largeRetinaUrl": "https://assets.shop.loblaws.ca/products/20163119001/b2/en/front/20163119001_front_a06_@2.png"
                      }
                    ],
                    "brand": null,
                    "title": "Celery Stalks",
                    "description": "Celery has a cluster of pale green leaved ribs surrounding a heart (inner ribs). Trimmed celery leaves can be used as a garnish or added to a mixed greens salad. Enjoy celery on its own or with dip as a snack, or chop for soups, stews, or a sandwich.",
                    "packageSizing": "1 ea, $3.99/1ea",
                    "pricing": {
                      "price": "3.99",
                      "wasPrice": null,
                      "displayPrice": "$3.99",
                      "memberOnlyPrice": null,
                      "mopDisplayPrice": null
                    },
                    "pricingUnits": {
                      "type": "SOLD_BY_EACH",
                      "unit": "ea",
                      "interval": 1,
                      "minOrderQuantity": 1,
                      "maxOrderQuantity": 25,
                      "weighted": false
                    },
                    "deal": null,
                    "mopDeal": null,
                    "pcoDeal": null,
                    "inventoryIndicator": null,
                    "offerType": "OG",
                    "offerId": "OG",
                    "action": null,
                    "isVariant": false,
                    "link": "/celery-stalks/p/20163119001_EA",
                    "productVendor": null,
                    "productVariant": null,
                    "textBadge": "",
                    "variantTheme": null,
                    "articleNumber": "20163119001",
                    "uom": "EA",
                    "sponsoredCreative": null,
                    "isSponsored": false,
                    "isComplementarySponsored": false,
                    "complementarySponsoredBadgeText": null,
                    "productBadge": null
                  },
                  {
                    "productId": "20067389001_EA",
                    "productImage": [
                      {
                        "imageUrl": "https://assets.shop.loblaws.ca/products/20067389001/b2/en/front/20067389001_front_a06_@2.png",
                        "smallUrl": "https://assets.shop.loblaws.ca/products/20067389001/b1/en/front/20067389001_front_a01_@2.png",
                        "mediumUrl": "https://assets.shop.loblaws.ca/products/20067389001/b3/en/front/20067389001_front_a06_@2.png",
                        "largeUrl": "https://assets.shop.loblaws.ca/products/20067389001/b2/en/front/20067389001_front_a06_@2.png",
                        "smallRetinaUrl": "https://assets.shop.loblaws.ca/products/20067389001/b1/en/front/20067389001_front_a01_@2.png",
                        "mediumRetinaUrl": "https://assets.shop.loblaws.ca/products/20067389001/b3/en/front/20067389001_front_a06_@2.png",
                        "largeRetinaUrl": "https://assets.shop.loblaws.ca/products/20067389001/b2/en/front/20067389001_front_a06_@2.png"
                      }
                    ],
                    "brand": null,
                    "title": "Romaine Heart , 3 Pack",
                    "description": "Romaine hearts are the yellowish leaves in the centre of romaine lettuce. Romaine hearts are smaller and sweeter than romaine bunches and can be enjoyed fresh or cooked. Use romaine hearts to make a classic Caesar salad or as a topping for burgers and sandwiches.",
                    "packageSizing": "3 pack, $1.66/1ea",
                    "pricing": {
                      "price": "4.99",
                      "wasPrice": "$5.99",
                      "displayPrice": "$4.99",
                      "memberOnlyPrice": null,
                      "mopDisplayPrice": null
                    },
                    "pricingUnits": {
                      "type": "SOLD_BY_EACH",
                      "unit": "ea",
                      "interval": 1,
                      "minOrderQuantity": 1,
                      "maxOrderQuantity": 25,
                      "weighted": false
                    },
                    "deal": {
                      "type": "SALE",
                      "text": "SAVE $1.00",
                      "points": 0,
                      "name": "SALE",
                      "expiryDate": "2024-06-05T00:00:00Z",
                      "dealPrice": null
                    },
                    "mopDeal": null,
                    "pcoDeal": null,
                    "inventoryIndicator": null,
                    "offerType": "OG",
                    "offerId": "OG",
                    "action": null,
                    "isVariant": false,
                    "link": "/romaine-heart-3-pack/p/20067389001_EA",
                    "productVendor": null,
                    "productVariant": null,
                    "textBadge": "",
                    "variantTheme": null,
                    "articleNumber": "20067389001",
                    "uom": "EA",
                    "sponsoredCreative": null,
                    "isSponsored": false,
                    "isComplementarySponsored": false,
                    "complementarySponsoredBadgeText": null,
                    "productBadge": null
                  },
                  {
                    "productId": "20135326001_EA",
                    "productImage": [
                      {
                        "imageUrl": "https://assets.shop.loblaws.ca/products/20135326001/b2/en/front/20135326001_front_a06_@2.png",
                        "smallUrl": "https://assets.shop.loblaws.ca/products/20135326001/b1/en/front/20135326001_front_a01_@2.png",
                        "mediumUrl": "https://assets.shop.loblaws.ca/products/20135326001/b3/en/front/20135326001_front_a06_@2.png",
                        "largeUrl": "https://assets.shop.loblaws.ca/products/20135326001/b2/en/front/20135326001_front_a06_@2.png",
                        "smallRetinaUrl": "https://assets.shop.loblaws.ca/products/20135326001/b1/en/front/20135326001_front_a01_@2.png",
                        "mediumRetinaUrl": "https://assets.shop.loblaws.ca/products/20135326001/b3/en/front/20135326001_front_a06_@2.png",
                        "largeRetinaUrl": "https://assets.shop.loblaws.ca/products/20135326001/b2/en/front/20135326001_front_a06_@2.png"
                      }
                    ],
                    "brand": null,
                    "title": "Lettuce Iceberg",
                    "description": "Iceberg (or crisphead) lettuce is a round, tightly-packed head of pale green leaves. It has a crisp texture and a mild flavour and is mainly used fresh. Shred iceberg lettuce for salads and slaws, or cut into wedges and drizzle with blue cheese dressing.",
                    "packageSizing": "1 ea, $3.99/1ea",
                    "pricing": {
                      "price": "3.99",
                      "wasPrice": null,
                      "displayPrice": "$3.99",
                      "memberOnlyPrice": null,
                      "mopDisplayPrice": null
                    },
                    "pricingUnits": {
                      "type": "SOLD_BY_EACH",
                      "unit": "ea",
                      "interval": 1,
                      "minOrderQuantity": 1,
                      "maxOrderQuantity": 25,
                      "weighted": false
                    },
                    "deal": null,
                    "mopDeal": null,
                    "pcoDeal": null,
                    "inventoryIndicator": null,
                    "offerType": "OG",
                    "offerId": "OG",
                    "action": null,
                    "isVariant": false,
                    "link": "/lettuce-iceberg/p/20135326001_EA",
                    "productVendor": null,
                    "productVariant": null,
                    "textBadge": "",
                    "variantTheme": null,
                    "articleNumber": "20135326001",
                    "uom": "EA",
                    "sponsoredCreative": null,
                    "isSponsored": false,
                    "isComplementarySponsored": false,
                    "complementarySponsoredBadgeText": null,
                    "productBadge": null
                  },
                  {
                    "productId": "20811994001_EA",
                    "productImage": [
                      {
                        "imageUrl": "https://assets.shop.loblaws.ca/products/20811994001/b2/en/front/20811994001_front_a06_@2.png",
                        "smallUrl": "https://assets.shop.loblaws.ca/products/20811994001/b1/en/front/20811994001_front_a01_@2.png",
                        "mediumUrl": "https://assets.shop.loblaws.ca/products/20811994001/b3/en/front/20811994001_front_a06_@2.png",
                        "largeUrl": "https://assets.shop.loblaws.ca/products/20811994001/b2/en/front/20811994001_front_a06_@2.png",
                        "smallRetinaUrl": "https://assets.shop.loblaws.ca/products/20811994001/b1/en/front/20811994001_front_a01_@2.png",
                        "mediumRetinaUrl": "https://assets.shop.loblaws.ca/products/20811994001/b3/en/front/20811994001_front_a06_@2.png",
                        "largeRetinaUrl": "https://assets.shop.loblaws.ca/products/20811994001/b2/en/front/20811994001_front_a06_@2.png"
                      }
                    ],
                    "brand": "Farmer's Market",
                    "title": "Yellow Onions 3lb Bag",
                    "description": null,
                    "packageSizing": "3 lb bag, $0.33/100g",
                    "pricing": {
                      "price": "4.49",
                      "wasPrice": null,
                      "displayPrice": "$4.49",
                      "memberOnlyPrice": null,
                      "mopDisplayPrice": null
                    },
                    "pricingUnits": {
                      "type": "SOLD_BY_EACH",
                      "unit": "ea",
                      "interval": 1,
                      "minOrderQuantity": 1,
                      "maxOrderQuantity": 25,
                      "weighted": false
                    },
                    "deal": null,
                    "mopDeal": null,
                    "pcoDeal": null,
                    "inventoryIndicator": null,
                    "offerType": "OG",
                    "offerId": "OG",
                    "action": null,
                    "isVariant": false,
                    "link": "/yellow-onions-3lb-bag/p/20811994001_EA",
                    "productVendor": null,
                    "productVariant": null,
                    "textBadge": "",
                    "variantTheme": null,
                    "articleNumber": "20811994001",
                    "uom": "EA",
                    "sponsoredCreative": null,
                    "isSponsored": false,
                    "isComplementarySponsored": false,
                    "complementarySponsoredBadgeText": null,
                    "productBadge": null
                  },
                  {
                    "productId": "20026703001_KG",
                    "productImage": [
                      {
                        "imageUrl": "https://assets.shop.loblaws.ca/products/20026703001/b2/en/front/20026703001_front_a06_@2.png",
                        "smallUrl": "https://assets.shop.loblaws.ca/products/20026703001/b1/en/front/20026703001_front_a01_@2.png",
                        "mediumUrl": "https://assets.shop.loblaws.ca/products/20026703001/b3/en/front/20026703001_front_a06_@2.png",
                        "largeUrl": "https://assets.shop.loblaws.ca/products/20026703001/b2/en/front/20026703001_front_a06_@2.png",
                        "smallRetinaUrl": "https://assets.shop.loblaws.ca/products/20026703001/b1/en/front/20026703001_front_a01_@2.png",
                        "mediumRetinaUrl": "https://assets.shop.loblaws.ca/products/20026703001/b3/en/front/20026703001_front_a06_@2.png",
                        "largeRetinaUrl": "https://assets.shop.loblaws.ca/products/20026703001/b2/en/front/20026703001_front_a06_@2.png"
                      }
                    ],
                    "brand": null,
                    "title": "Tomato on the Vine Red ( 1 Bunch)",
                    "description": "*Average Vine has 3-5 Tomatoes  Vine tomatoes are typically sold in clusters attached to a fresh green vine. Because they are a little softer and juicier than other varieties, vine tomatoes are excellent when used fresh in salads, but they can also be roasted or used in many tomato-based recipes.",
                    "packageSizing": "$5.49/1kg $2.49/1lb",
                    "pricing": {
                      "price": "3.90",
                      "wasPrice": null,
                      "displayPrice": "about $3.90",
                      "memberOnlyPrice": null,
                      "mopDisplayPrice": null
                    },
                    "pricingUnits": {
                      "type": "SOLD_BY_EACH_PRICED_BY_WEIGHT",
                      "unit": "ea",
                      "interval": 1,
                      "minOrderQuantity": 1,
                      "maxOrderQuantity": 25,
                      "weighted": false
                    },
                    "deal": null,
                    "mopDeal": null,
                    "pcoDeal": null,
                    "inventoryIndicator": null,
                    "offerType": "OG",
                    "offerId": "OG",
                    "action": null,
                    "isVariant": false,
                    "link": "/tomato-on-the-vine-red-1-bunch/p/20026703001_KG",
                    "productVendor": null,
                    "productVariant": null,
                    "textBadge": "",
                    "variantTheme": null,
                    "articleNumber": "20026703001",
                    "uom": "KG",
                    "sponsoredCreative": null,
                    "isSponsored": false,
                    "isComplementarySponsored": false,
                    "complementarySponsoredBadgeText": null,
                    "productBadge": null
                  },
                  {
                    "productId": "20007535001_KG",
                    "productImage": [
                      {
                        "imageUrl": "https://assets.shop.loblaws.ca/products/20007535001/b2/en/front/20007535001_front_a06_@2.png",
                        "smallUrl": "https://assets.shop.loblaws.ca/products/20007535001/b1/en/front/20007535001_front_a01_@2.png",
                        "mediumUrl": "https://assets.shop.loblaws.ca/products/20007535001/b3/en/front/20007535001_front_a06_@2.png",
                        "largeUrl": "https://assets.shop.loblaws.ca/products/20007535001/b2/en/front/20007535001_front_a06_@2.png",
                        "smallRetinaUrl": "https://assets.shop.loblaws.ca/products/20007535001/b1/en/front/20007535001_front_a01_@2.png",
                        "mediumRetinaUrl": "https://assets.shop.loblaws.ca/products/20007535001/b3/en/front/20007535001_front_a06_@2.png",
                        "largeRetinaUrl": "https://assets.shop.loblaws.ca/products/20007535001/b2/en/front/20007535001_front_a06_@2.png"
                      }
                    ],
                    "brand": null,
                    "title": "Red Peppers    ",
                    "description": "Red bell peppers start with green skin but are left to ripen longer, giving them their bright red skin and sweet, fruity flavour. Enjoy them raw with dips or hummus, or roast red peppers to make dips and soups or as a topping for burgers and bruschetta.",
                    "packageSizing": "$8.80/1kg $3.99/1lb",
                    "pricing": {
                      "price": "2.11",
                      "wasPrice": "$2.64",
                      "displayPrice": "about $2.11",
                      "memberOnlyPrice": null,
                      "mopDisplayPrice": null
                    },
                    "pricingUnits": {
                      "type": "SOLD_BY_EACH_PRICED_BY_WEIGHT",
                      "unit": "ea",
                      "interval": 1,
                      "minOrderQuantity": 1,
                      "maxOrderQuantity": 25,
                      "weighted": false
                    },
                    "deal": {
                      "type": "SALE",
                      "text": "SAVE $0.53",
                      "points": 0,
                      "name": "SALE",
                      "expiryDate": "2024-06-05T00:00:00Z",
                      "dealPrice": null
                    },
                    "mopDeal": null,
                    "pcoDeal": null,
                    "inventoryIndicator": null,
                    "offerType": "OG",
                    "offerId": "OG",
                    "action": null,
                    "isVariant": false,
                    "link": "/red-peppers/p/20007535001_KG",
                    "productVendor": null,
                    "productVariant": null,
                    "textBadge": "",
                    "variantTheme": null,
                    "articleNumber": "20007535001",
                    "uom": "KG",
                    "sponsoredCreative": null,
                    "isSponsored": false,
                    "isComplementarySponsored": false,
                    "complementarySponsoredBadgeText": null,
                    "productBadge": null
                  },
                  {
                    "productId": "20426141001_KG",
                    "productImage": [
                      {
                        "imageUrl": "https://assets.shop.loblaws.ca/products/20426141001/b2/en/front/20426141001_front_a06_@2.png",
                        "smallUrl": "https://assets.shop.loblaws.ca/products/20426141001/b1/en/front/20426141001_front_a01_@2.png",
                        "mediumUrl": "https://assets.shop.loblaws.ca/products/20426141001/b3/en/front/20426141001_front_a06_@2.png",
                        "largeUrl": "https://assets.shop.loblaws.ca/products/20426141001/b2/en/front/20426141001_front_a06_@2.png",
                        "smallRetinaUrl": "https://assets.shop.loblaws.ca/products/20426141001/b1/en/front/20426141001_front_a01_@2.png",
                        "mediumRetinaUrl": "https://assets.shop.loblaws.ca/products/20426141001/b3/en/front/20426141001_front_a06_@2.png",
                        "largeRetinaUrl": "https://assets.shop.loblaws.ca/products/20426141001/b2/en/front/20426141001_front_a06_@2.png"
                      }
                    ],
                    "brand": null,
                    "title": "Tomato Beefsteak  Red",
                    "description": "Greenhouse tomatoes are firm and plump with a red skin when ripe. They are perfect sliced and used as a topping on burgers and sandwiches like the classic BLT. Or scoop out the pulp and seeds to make baked stuffed tomatoes.",
                    "packageSizing": "$1.94/1kg $0.88/1lb",
                    "pricing": {
                      "price": "0.52",
                      "wasPrice": "$1.47",
                      "displayPrice": "about $0.52",
                      "memberOnlyPrice": null,
                      "mopDisplayPrice": null
                    },
                    "pricingUnits": {
                      "type": "SOLD_BY_EACH_PRICED_BY_WEIGHT",
                      "unit": "ea",
                      "interval": 1,
                      "minOrderQuantity": 1,
                      "maxOrderQuantity": 25,
                      "weighted": false
                    },
                    "deal": {
                      "type": "SALE",
                      "text": "SAVE $0.95",
                      "points": 0,
                      "name": "SALE",
                      "expiryDate": "2024-06-05T00:00:00Z",
                      "dealPrice": null
                    },
                    "mopDeal": null,
                    "pcoDeal": null,
                    "inventoryIndicator": null,
                    "offerType": "OG",
                    "offerId": "OG",
                    "action": null,
                    "isVariant": false,
                    "link": "/tomato-beefsteak-red/p/20426141001_KG",
                    "productVendor": null,
                    "productVariant": null,
                    "textBadge": "",
                    "variantTheme": null,
                    "articleNumber": "20426141001",
                    "uom": "KG",
                    "sponsoredCreative": null,
                    "isSponsored": false,
                    "isComplementarySponsored": false,
                    "complementarySponsoredBadgeText": null,
                    "productBadge": null
                  },
                  {
                    "productId": "20143381001_KG",
                    "productImage": [
                      {
                        "imageUrl": "https://assets.shop.loblaws.ca/products/20143381001/b2/en/front/20143381001_front_a06_@2.png",
                        "smallUrl": "https://assets.shop.loblaws.ca/products/20143381001/b1/en/front/20143381001_front_a01_@2.png",
                        "mediumUrl": "https://assets.shop.loblaws.ca/products/20143381001/b3/en/front/20143381001_front_a06_@2.png",
                        "largeUrl": "https://assets.shop.loblaws.ca/products/20143381001/b2/en/front/20143381001_front_a06_@2.png",
                        "smallRetinaUrl": "https://assets.shop.loblaws.ca/products/20143381001/b1/en/front/20143381001_front_a01_@2.png",
                        "mediumRetinaUrl": "https://assets.shop.loblaws.ca/products/20143381001/b3/en/front/20143381001_front_a06_@2.png",
                        "largeRetinaUrl": "https://assets.shop.loblaws.ca/products/20143381001/b2/en/front/20143381001_front_a06_@2.png"
                      }
                    ],
                    "brand": null,
                    "title": "Roma Tomatoes",
                    "description": "Roma (or plum) tomatoes are egg-shaped  and narrow with a thick red skin and meaty texture. Because they have few seeds and a sweet flavour, Roma tomatoes are a popular choice for making tomato paste and sauce. They can also be used raw in salads or roasted for lasagna and pasta.",
                    "packageSizing": "$5.49/1kg $2.49/1lb",
                    "pricing": {
                      "price": "0.66",
                      "wasPrice": "$0.71",
                      "displayPrice": "about $0.66",
                      "memberOnlyPrice": null,
                      "mopDisplayPrice": null
                    },
                    "pricingUnits": {
                      "type": "SOLD_BY_EACH_PRICED_BY_WEIGHT",
                      "unit": "ea",
                      "interval": 1,
                      "minOrderQuantity": 1,
                      "maxOrderQuantity": 25,
                      "weighted": false
                    },
                    "deal": {
                      "type": "SALE",
                      "text": "SAVE $0.05",
                      "points": 0,
                      "name": "SALE",
                      "expiryDate": "2024-06-05T00:00:00Z",
                      "dealPrice": null
                    },
                    "mopDeal": null,
                    "pcoDeal": null,
                    "inventoryIndicator": null,
                    "offerType": "OG",
                    "offerId": "OG",
                    "action": null,
                    "isVariant": false,
                    "link": "/roma-tomatoes/p/20143381001_KG",
                    "productVendor": null,
                    "productVariant": null,
                    "textBadge": "",
                    "variantTheme": null,
                    "articleNumber": "20143381001",
                    "uom": "KG",
                    "sponsoredCreative": null,
                    "isSponsored": false,
                    "isComplementarySponsored": false,
                    "complementarySponsoredBadgeText": null,
                    "productBadge": null
                  },
                  {
                    "productId": "20425893001_KG",
                    "productImage": [
                      {
                        "imageUrl": "https://assets.shop.loblaws.ca/products/20425893001/b2/en/front/20425893001_front_a06_@2.png",
                        "smallUrl": "https://assets.shop.loblaws.ca/products/20425893001/b1/en/front/20425893001_front_a01_@2.png",
                        "mediumUrl": "https://assets.shop.loblaws.ca/products/20425893001/b3/en/front/20425893001_front_a06_@2.png",
                        "largeUrl": "https://assets.shop.loblaws.ca/products/20425893001/b2/en/front/20425893001_front_a06_@2.png",
                        "smallRetinaUrl": "https://assets.shop.loblaws.ca/products/20425893001/b1/en/front/20425893001_front_a01_@2.png",
                        "mediumRetinaUrl": "https://assets.shop.loblaws.ca/products/20425893001/b3/en/front/20425893001_front_a06_@2.png",
                        "largeRetinaUrl": "https://assets.shop.loblaws.ca/products/20425893001/b2/en/front/20425893001_front_a06_@2.png"
                      }
                    ],
                    "brand": null,
                    "title": "Sweet Green Peppers",
                    "description": "Green bell peppers have a bright green skin and mild, sweet flavour. Their flesh is crisp and juicy, perfect for enjoying raw with dips or hummus. Green bell peppers will add some colour to your stir-fry, or remove the tops and seeds to make stuffed bell peppers.",
                    "packageSizing": "$8.80/1kg $3.99/1lb",
                    "pricing": {
                      "price": "2.46",
                      "wasPrice": null,
                      "displayPrice": "about $2.46",
                      "memberOnlyPrice": null,
                      "mopDisplayPrice": null
                    },
                    "pricingUnits": {
                      "type": "SOLD_BY_EACH_PRICED_BY_WEIGHT",
                      "unit": "ea",
                      "interval": 1,
                      "minOrderQuantity": 1,
                      "maxOrderQuantity": 25,
                      "weighted": false
                    },
                    "deal": null,
                    "mopDeal": null,
                    "pcoDeal": null,
                    "inventoryIndicator": null,
                    "offerType": "OG",
                    "offerId": "OG",
                    "action": null,
                    "isVariant": false,
                    "link": "/sweet-green-peppers/p/20425893001_KG",
                    "productVendor": null,
                    "productVariant": null,
                    "textBadge": "",
                    "variantTheme": null,
                    "articleNumber": "20425893001",
                    "uom": "KG",
                    "sponsoredCreative": null,
                    "isSponsored": false,
                    "isComplementarySponsored": false,
                    "complementarySponsoredBadgeText": null,
                    "productBadge": null
                  },
                  {
                    "productId": "20145621001_EA",
                    "productImage": [
                      {
                        "imageUrl": "https://assets.shop.loblaws.ca/products/20145621001/b2/en/front/20145621001_front_a06_@2.png",
                        "smallUrl": "https://assets.shop.loblaws.ca/products/20145621001/b1/en/front/20145621001_front_a01_@2.png",
                        "mediumUrl": "https://assets.shop.loblaws.ca/products/20145621001/b3/en/front/20145621001_front_a06_@2.png",
                        "largeUrl": "https://assets.shop.loblaws.ca/products/20145621001/b2/en/front/20145621001_front_a06_@2.png",
                        "smallRetinaUrl": "https://assets.shop.loblaws.ca/products/20145621001/b1/en/front/20145621001_front_a01_@2.png",
                        "mediumRetinaUrl": "https://assets.shop.loblaws.ca/products/20145621001/b3/en/front/20145621001_front_a06_@2.png",
                        "largeRetinaUrl": "https://assets.shop.loblaws.ca/products/20145621001/b2/en/front/20145621001_front_a06_@2.png"
                      }
                    ],
                    "brand": null,
                    "title": "Broccoli",
                    "description": "Broccoli is a cruciferous vegetable that comes in a tight cluster of florets on top of firm, edible stalks. It is deep green in colour, sometimes with a tinge of purple. Add raw broccoli florets to your next vegetable platter or pair with cheddar cheese for a quiche.",
                    "packageSizing": "1 ea, $3.99/1ea",
                    "pricing": {
                      "price": "3.99",
                      "wasPrice": null,
                      "displayPrice": "$3.99",
                      "memberOnlyPrice": null,
                      "mopDisplayPrice": null
                    },
                    "pricingUnits": {
                      "type": "SOLD_BY_EACH",
                      "unit": "ea",
                      "interval": 1,
                      "minOrderQuantity": 1,
                      "maxOrderQuantity": 25,
                      "weighted": false
                    },
                    "deal": null,
                    "mopDeal": null,
                    "pcoDeal": null,
                    "inventoryIndicator": null,
                    "offerType": "OG",
                    "offerId": "OG",
                    "action": null,
                    "isVariant": false,
                    "link": "/broccoli/p/20145621001_EA",
                    "productVendor": null,
                    "productVariant": null,
                    "textBadge": "",
                    "variantTheme": null,
                    "articleNumber": "20145621001",
                    "uom": "EA",
                    "sponsoredCreative": null,
                    "isSponsored": false,
                    "isComplementarySponsored": false,
                    "complementarySponsoredBadgeText": null,
                    "productBadge": null
                  },
                  {
                    "productId": "20026161001_KG",
                    "productImage": [
                      {
                        "imageUrl": "https://assets.shop.loblaws.ca/products/20026161001/b2/en/front/20026161001_front_a06_@2.png",
                        "smallUrl": "https://assets.shop.loblaws.ca/products/20026161001/b1/en/front/20026161001_front_a01_@2.png",
                        "mediumUrl": "https://assets.shop.loblaws.ca/products/20026161001/b3/en/front/20026161001_front_a06_@2.png",
                        "largeUrl": "https://assets.shop.loblaws.ca/products/20026161001/b2/en/front/20026161001_front_a06_@2.png",
                        "smallRetinaUrl": "https://assets.shop.loblaws.ca/products/20026161001/b1/en/front/20026161001_front_a01_@2.png",
                        "mediumRetinaUrl": "https://assets.shop.loblaws.ca/products/20026161001/b3/en/front/20026161001_front_a06_@2.png",
                        "largeRetinaUrl": "https://assets.shop.loblaws.ca/products/20026161001/b2/en/front/20026161001_front_a06_@2.png"
                      }
                    ],
                    "brand": null,
                    "title": "Broccoli Crowns",
                    "description": "Broccoli is a cruciferous vegetable that comes in a tight cluster of florets. It is deep green in colour, sometimes with a tinge of purple. Add raw broccoli florets to your next vegetable platter or pair with cheddar cheese for a quiche.",
                    "packageSizing": "$7.69/1kg $3.49/1lb",
                    "pricing": {
                      "price": "2.92",
                      "wasPrice": null,
                      "displayPrice": "about $2.92",
                      "memberOnlyPrice": null,
                      "mopDisplayPrice": null
                    },
                    "pricingUnits": {
                      "type": "SOLD_BY_EACH_PRICED_BY_WEIGHT",
                      "unit": "ea",
                      "interval": 1,
                      "minOrderQuantity": 1,
                      "maxOrderQuantity": 25,
                      "weighted": false
                    },
                    "deal": null,
                    "mopDeal": null,
                    "pcoDeal": null,
                    "inventoryIndicator": null,
                    "offerType": "OG",
                    "offerId": "OG",
                    "action": null,
                    "isVariant": false,
                    "link": "/broccoli-crowns/p/20026161001_KG",
                    "productVendor": null,
                    "productVariant": null,
                    "textBadge": "",
                    "variantTheme": null,
                    "articleNumber": "20026161001",
                    "uom": "KG",
                    "sponsoredCreative": null,
                    "isSponsored": false,
                    "isComplementarySponsored": false,
                    "complementarySponsoredBadgeText": null,
                    "productBadge": null
                  },
                  {
                    "productId": "20179038001_KG",
                    "productImage": [
                      {
                        "imageUrl": "https://assets.shop.loblaws.ca/products/20179038001/b2/en/front/20179038001_front_a06_@2.png",
                        "smallUrl": "https://assets.shop.loblaws.ca/products/20179038001/b1/en/front/20179038001_front_a01_@2.png",
                        "mediumUrl": "https://assets.shop.loblaws.ca/products/20179038001/b3/en/front/20179038001_front_a06_@2.png",
                        "largeUrl": "https://assets.shop.loblaws.ca/products/20179038001/b2/en/front/20179038001_front_a06_@2.png",
                        "smallRetinaUrl": "https://assets.shop.loblaws.ca/products/20179038001/b1/en/front/20179038001_front_a01_@2.png",
                        "mediumRetinaUrl": "https://assets.shop.loblaws.ca/products/20179038001/b3/en/front/20179038001_front_a06_@2.png",
                        "largeRetinaUrl": "https://assets.shop.loblaws.ca/products/20179038001/b2/en/front/20179038001_front_a06_@2.png"
                      }
                    ],
                    "brand": null,
                    "title": "Ginger",
                    "description": "Ginger (or gingerroot) has a tough tan skin and a fresh spicy fragrance. Ginger can be grated, slivered, or ground and its peppery flavour is used in a variety of dishes. Dried ground ginger has a very different taste and is not a suitable replacement for fresh. Peel gingerroot and add fresh to dressings and marinades, or cook in a stir-fry or soup.",
                    "packageSizing": "$8.80/1kg $3.99/1lb",
                    "pricing": {
                      "price": "1.85",
                      "wasPrice": null,
                      "displayPrice": "about $1.85",
                      "memberOnlyPrice": null,
                      "mopDisplayPrice": null
                    },
                    "pricingUnits": {
                      "type": "SOLD_BY_EACH_PRICED_BY_WEIGHT",
                      "unit": "ea",
                      "interval": 1,
                      "minOrderQuantity": 1,
                      "maxOrderQuantity": 25,
                      "weighted": false
                    },
                    "deal": null,
                    "mopDeal": null,
                    "pcoDeal": null,
                    "inventoryIndicator": null,
                    "offerType": "OG",
                    "offerId": "OG",
                    "action": null,
                    "isVariant": false,
                    "link": "/ginger/p/20179038001_KG",
                    "productVendor": null,
                    "productVariant": null,
                    "textBadge": "",
                    "variantTheme": null,
                    "articleNumber": "20179038001",
                    "uom": "KG",
                    "sponsoredCreative": null,
                    "isSponsored": false,
                    "isComplementarySponsored": false,
                    "complementarySponsoredBadgeText": null,
                    "productBadge": null
                  },
                  {
                    "productId": "20426596001_KG",
                    "productImage": [
                      {
                        "imageUrl": "https://assets.shop.loblaws.ca/products/20426596001/b2/en/front/20426596001_front_a06_@2.png",
                        "smallUrl": "https://assets.shop.loblaws.ca/products/20426596001/b1/en/front/20426596001_front_a01_@2.png",
                        "mediumUrl": "https://assets.shop.loblaws.ca/products/20426596001/b3/en/front/20426596001_front_a06_@2.png",
                        "largeUrl": "https://assets.shop.loblaws.ca/products/20426596001/b2/en/front/20426596001_front_a06_@2.png",
                        "smallRetinaUrl": "https://assets.shop.loblaws.ca/products/20426596001/b1/en/front/20426596001_front_a01_@2.png",
                        "mediumRetinaUrl": "https://assets.shop.loblaws.ca/products/20426596001/b3/en/front/20426596001_front_a06_@2.png",
                        "largeRetinaUrl": "https://assets.shop.loblaws.ca/products/20426596001/b2/en/front/20426596001_front_a06_@2.png"
                      }
                    ],
                    "brand": null,
                    "title": "Zucchini",
                    "description": "Zucchini are summer squash with dark to light green skin, white flesh, and tiny edible seeds. They have a delicate flavour and can be eaten raw or cooked in a variety of ways. Shred zucchini for muffins, breads, and cakes, or grill and serve as a perfect summer side dish.",
                    "packageSizing": "$7.69/1kg $3.49/1lb",
                    "pricing": {
                      "price": "2.15",
                      "wasPrice": null,
                      "displayPrice": "about $2.15",
                      "memberOnlyPrice": null,
                      "mopDisplayPrice": null
                    },
                    "pricingUnits": {
                      "type": "SOLD_BY_EACH_PRICED_BY_WEIGHT",
                      "unit": "ea",
                      "interval": 1,
                      "minOrderQuantity": 1,
                      "maxOrderQuantity": 25,
                      "weighted": false
                    },
                    "deal": null,
                    "mopDeal": null,
                    "pcoDeal": null,
                    "inventoryIndicator": null,
                    "offerType": "OG",
                    "offerId": "OG",
                    "action": null,
                    "isVariant": false,
                    "link": "/zucchini/p/20426596001_KG",
                    "productVendor": null,
                    "productVariant": null,
                    "textBadge": "",
                    "variantTheme": null,
                    "articleNumber": "20426596001",
                    "uom": "KG",
                    "sponsoredCreative": null,
                    "isSponsored": false,
                    "isComplementarySponsored": false,
                    "complementarySponsoredBadgeText": null,
                    "productBadge": null
                  },
                  {
                    "productId": "20134101001_KG",
                    "productImage": [
                      {
                        "imageUrl": "https://assets.shop.loblaws.ca/products/20134101001/b2/en/front/20134101001_front_a06_@2.png",
                        "smallUrl": "https://assets.shop.loblaws.ca/products/20134101001/b1/en/front/20134101001_front_a01_@2.png",
                        "mediumUrl": "https://assets.shop.loblaws.ca/products/20134101001/b3/en/front/20134101001_front_a06_@2.png",
                        "largeUrl": "https://assets.shop.loblaws.ca/products/20134101001/b2/en/front/20134101001_front_a06_@2.png",
                        "smallRetinaUrl": "https://assets.shop.loblaws.ca/products/20134101001/b1/en/front/20134101001_front_a01_@2.png",
                        "mediumRetinaUrl": "https://assets.shop.loblaws.ca/products/20134101001/b3/en/front/20134101001_front_a06_@2.png",
                        "largeRetinaUrl": "https://assets.shop.loblaws.ca/products/20134101001/b2/en/front/20134101001_front_a06_@2.png"
                      }
                    ],
                    "brand": null,
                    "title": "Red Onion",
                    "description": "Red (or Italian) onions have a reddish-purple papery skin and a mild sweet flavour.  Use red onions to add colour and flavour to just about any dish. Slices of raw red onion work well in salads and as a topping for burgers, or roast and serve with sausage or flank steak.",
                    "packageSizing": "$7.69/1kg $3.49/1lb",
                    "pricing": {
                      "price": "2.85",
                      "wasPrice": null,
                      "displayPrice": "about $2.85",
                      "memberOnlyPrice": null,
                      "mopDisplayPrice": null
                    },
                    "pricingUnits": {
                      "type": "SOLD_BY_EACH_PRICED_BY_WEIGHT",
                      "unit": "ea",
                      "interval": 1,
                      "minOrderQuantity": 1,
                      "maxOrderQuantity": 25,
                      "weighted": false
                    },
                    "deal": null,
                    "mopDeal": null,
                    "pcoDeal": null,
                    "inventoryIndicator": {
                      "indicatorId": "LOW",
                      "text": "Low Stock"
                    },
                    "offerType": "OG",
                    "offerId": "OG",
                    "action": null,
                    "isVariant": false,
                    "link": "/red-onion/p/20134101001_KG",
                    "productVendor": null,
                    "productVariant": null,
                    "textBadge": "low-inventory",
                    "variantTheme": null,
                    "articleNumber": "20134101001",
                    "uom": "KG",
                    "sponsoredCreative": null,
                    "isSponsored": false,
                    "isComplementarySponsored": false,
                    "complementarySponsoredBadgeText": null,
                    "productBadge": null
                  },
                  {
                    "productId": "21004355001_EA",
                    "productImage": [
                      {
                        "imageUrl": "https://assets.shop.loblaws.ca/products/21004355001/b2/en/front/21004355001_front_a06_@2.png",
                        "smallUrl": "https://assets.shop.loblaws.ca/products/21004355001/b1/en/front/21004355001_front_a01_@2.png",
                        "mediumUrl": "https://assets.shop.loblaws.ca/products/21004355001/b3/en/front/21004355001_front_a06_@2.png",
                        "largeUrl": "https://assets.shop.loblaws.ca/products/21004355001/b2/en/front/21004355001_front_a06_@2.png",
                        "smallRetinaUrl": "https://assets.shop.loblaws.ca/products/21004355001/b1/en/front/21004355001_front_a01_@2.png",
                        "mediumRetinaUrl": "https://assets.shop.loblaws.ca/products/21004355001/b3/en/front/21004355001_front_a06_@2.png",
                        "largeRetinaUrl": "https://assets.shop.loblaws.ca/products/21004355001/b2/en/front/21004355001_front_a06_@2.png"
                      }
                    ],
                    "brand": "Rooster",
                    "title": "Garlic      ",
                    "description": null,
                    "packageSizing": "90 g, $0.50/1ea",
                    "pricing": {
                      "price": "1.49",
                      "wasPrice": null,
                      "displayPrice": "$1.49",
                      "memberOnlyPrice": null,
                      "mopDisplayPrice": null
                    },
                    "pricingUnits": {
                      "type": "SOLD_BY_EACH",
                      "unit": "ea",
                      "interval": 1,
                      "minOrderQuantity": 1,
                      "maxOrderQuantity": 25,
                      "weighted": false
                    },
                    "deal": null,
                    "mopDeal": null,
                    "pcoDeal": null,
                    "inventoryIndicator": null,
                    "offerType": "OG",
                    "offerId": "OG",
                    "action": null,
                    "isVariant": false,
                    "link": "/garlic/p/21004355001_EA",
                    "productVendor": null,
                    "productVariant": null,
                    "textBadge": "",
                    "variantTheme": null,
                    "articleNumber": "21004355001",
                    "uom": "EA",
                    "sponsoredCreative": null,
                    "isSponsored": false,
                    "isComplementarySponsored": false,
                    "complementarySponsoredBadgeText": null,
                    "productBadge": null
                  },
                  {
                    "productId": "20135377001_EA",
                    "productImage": [
                      {
                        "imageUrl": "https://assets.shop.loblaws.ca/products/20135377001/b2/en/front/20135377001_front_a06_@2.png",
                        "smallUrl": "https://assets.shop.loblaws.ca/products/20135377001/b1/en/front/20135377001_front_a01_@2.png",
                        "mediumUrl": "https://assets.shop.loblaws.ca/products/20135377001/b3/en/front/20135377001_front_a06_@2.png",
                        "largeUrl": "https://assets.shop.loblaws.ca/products/20135377001/b2/en/front/20135377001_front_a06_@2.png",
                        "smallRetinaUrl": "https://assets.shop.loblaws.ca/products/20135377001/b1/en/front/20135377001_front_a01_@2.png",
                        "mediumRetinaUrl": "https://assets.shop.loblaws.ca/products/20135377001/b3/en/front/20135377001_front_a06_@2.png",
                        "largeRetinaUrl": "https://assets.shop.loblaws.ca/products/20135377001/b2/en/front/20135377001_front_a06_@2.png"
                      }
                    ],
                    "brand": null,
                    "title": "Cauliflower",
                    "description": "Cauliflower is a cruciferous vegetable that comes in a tight cluster of florets surrounded by crisp green leaves. It is normally white but also comes in green, purple, and orange. Add raw cauliflower florets to your next vegetable platter or roast and serve as a simple side dish with meat or fish.",
                    "packageSizing": "1 ea, $5.99/1ea",
                    "pricing": {
                      "price": "5.99",
                      "wasPrice": null,
                      "displayPrice": "$5.99",
                      "memberOnlyPrice": null,
                      "mopDisplayPrice": null
                    },
                    "pricingUnits": {
                      "type": "SOLD_BY_EACH",
                      "unit": "ea",
                      "interval": 1,
                      "minOrderQuantity": 1,
                      "maxOrderQuantity": 25,
                      "weighted": false
                    },
                    "deal": null,
                    "mopDeal": null,
                    "pcoDeal": null,
                    "inventoryIndicator": null,
                    "offerType": "OG",
                    "offerId": "OG",
                    "action": null,
                    "isVariant": false,
                    "link": "/cauliflower/p/20135377001_EA",
                    "productVendor": null,
                    "productVariant": null,
                    "textBadge": "",
                    "variantTheme": null,
                    "articleNumber": "20135377001",
                    "uom": "EA",
                    "sponsoredCreative": null,
                    "isSponsored": false,
                    "isComplementarySponsored": false,
                    "complementarySponsoredBadgeText": null,
                    "productBadge": null
                  },
                  {
                    "productId": "20127708001_KG",
                    "productImage": [
                      {
                        "imageUrl": "https://assets.shop.loblaws.ca/products/20127708001/b2/en/front/20127708001_front_a06_@2.png",
                        "smallUrl": "https://assets.shop.loblaws.ca/products/20127708001/b1/en/front/20127708001_front_a01_@2.png",
                        "mediumUrl": "https://assets.shop.loblaws.ca/products/20127708001/b3/en/front/20127708001_front_a06_@2.png",
                        "largeUrl": "https://assets.shop.loblaws.ca/products/20127708001/b2/en/front/20127708001_front_a06_@2.png",
                        "smallRetinaUrl": "https://assets.shop.loblaws.ca/products/20127708001/b1/en/front/20127708001_front_a01_@2.png",
                        "mediumRetinaUrl": "https://assets.shop.loblaws.ca/products/20127708001/b3/en/front/20127708001_front_a06_@2.png",
                        "largeRetinaUrl": "https://assets.shop.loblaws.ca/products/20127708001/b2/en/front/20127708001_front_a06_@2.png"
                      }
                    ],
                    "brand": null,
                    "title": "Sweet Potato",
                    "description": "Sweet potatoes have a thick dark orange skin and sweet orange flesh. Yams are similar in size and shape but are not related to the sweet potato at all. Use sweet potatoes instead of regular potatoes for fries and chips or make a classic sweet potato pie.",
                    "packageSizing": "$4.39/1kg $1.99/1lb",
                    "pricing": {
                      "price": "2.77",
                      "wasPrice": null,
                      "displayPrice": "about $2.77",
                      "memberOnlyPrice": null,
                      "mopDisplayPrice": null
                    },
                    "pricingUnits": {
                      "type": "SOLD_BY_EACH_PRICED_BY_WEIGHT",
                      "unit": "ea",
                      "interval": 1,
                      "minOrderQuantity": 1,
                      "maxOrderQuantity": 25,
                      "weighted": false
                    },
                    "deal": null,
                    "mopDeal": null,
                    "pcoDeal": null,
                    "inventoryIndicator": null,
                    "offerType": "OG",
                    "offerId": "OG",
                    "action": null,
                    "isVariant": false,
                    "link": "/sweet-potato/p/20127708001_KG",
                    "productVendor": null,
                    "productVariant": null,
                    "textBadge": "",
                    "variantTheme": null,
                    "articleNumber": "20127708001",
                    "uom": "KG",
                    "sponsoredCreative": null,
                    "isSponsored": false,
                    "isComplementarySponsored": false,
                    "complementarySponsoredBadgeText": null,
                    "productBadge": null
                  },
                  {
                    "productId": "20828461001_EA",
                    "productImage": [
                      {
                        "imageUrl": "https://assets.shop.loblaws.ca/products/20828461001/b2/en/front/20828461001_front_a06_@2.png",
                        "smallUrl": "https://assets.shop.loblaws.ca/products/20828461001/b1/en/front/20828461001_front_a01_@2.png",
                        "mediumUrl": "https://assets.shop.loblaws.ca/products/20828461001/b3/en/front/20828461001_front_a06_@2.png",
                        "largeUrl": "https://assets.shop.loblaws.ca/products/20828461001/b2/en/front/20828461001_front_a06_@2.png",
                        "smallRetinaUrl": "https://assets.shop.loblaws.ca/products/20828461001/b1/en/front/20828461001_front_a01_@2.png",
                        "mediumRetinaUrl": "https://assets.shop.loblaws.ca/products/20828461001/b3/en/front/20828461001_front_a06_@2.png",
                        "largeRetinaUrl": "https://assets.shop.loblaws.ca/products/20828461001/b2/en/front/20828461001_front_a06_@2.png"
                      },
                      {
                        "imageUrl": "https://assets.shop.loblaws.ca/products/20828461001/b2/en/open/20828461001_open_a06_@2.png",
                        "smallUrl": "https://assets.shop.loblaws.ca/products/20828461001/b1/en/open/20828461001_open_a01_@2.png",
                        "mediumUrl": "https://assets.shop.loblaws.ca/products/20828461001/b3/en/open/20828461001_open_a06_@2.png",
                        "largeUrl": "https://assets.shop.loblaws.ca/products/20828461001/b2/en/open/20828461001_open_a06_@2.png",
                        "smallRetinaUrl": "https://assets.shop.loblaws.ca/products/20828461001/b1/en/open/20828461001_open_a01_@2.png",
                        "mediumRetinaUrl": "https://assets.shop.loblaws.ca/products/20828461001/b3/en/open/20828461001_open_a06_@2.png",
                        "largeRetinaUrl": "https://assets.shop.loblaws.ca/products/20828461001/b2/en/open/20828461001_open_a06_@2.png"
                      }
                    ],
                    "brand": "Farmer's Market",
                    "title": "English Cucumber 3Ct    ",
                    "description": "English (or hothouse) cucumbers are cylindrical green-skinned fruit with a crisp white flesh and edible seeds. English cucumbers are typically enjoyed raw and can be peeled or eaten with the skin on. Add sliced cucumber to your next vegetable platter or toss with mint and lemon juice for a refreshing salad.",
                    "packageSizing": "3 pack, $1.33/1ea",
                    "pricing": {
                      "price": "3.99",
                      "wasPrice": null,
                      "displayPrice": "$3.99",
                      "memberOnlyPrice": null,
                      "mopDisplayPrice": null
                    },
                    "pricingUnits": {
                      "type": "SOLD_BY_EACH",
                      "unit": "ea",
                      "interval": 1,
                      "minOrderQuantity": 1,
                      "maxOrderQuantity": 25,
                      "weighted": false
                    },
                    "deal": null,
                    "mopDeal": null,
                    "pcoDeal": null,
                    "inventoryIndicator": {
                      "indicatorId": "OUT",
                      "text": "Out of Stock"
                    },
                    "offerType": "OG",
                    "offerId": "OG",
                    "action": null,
                    "isVariant": false,
                    "link": "/english-cucumber-3ct/p/20828461001_EA",
                    "productVendor": null,
                    "productVariant": null,
                    "textBadge": "out-of-stock",
                    "variantTheme": null,
                    "articleNumber": "20828461001",
                    "uom": "EA",
                    "sponsoredCreative": null,
                    "isSponsored": false,
                    "isComplementarySponsored": false,
                    "complementarySponsoredBadgeText": null,
                    "productBadge": null
                  },
                  {
                    "productId": "20135581001_KG",
                    "productImage": [
                      {
                        "imageUrl": "https://assets.shop.loblaws.ca/products/20135581001/b2/en/front/20135581001_front_a06_@2.png",
                        "smallUrl": "https://assets.shop.loblaws.ca/products/20135581001/b1/en/front/20135581001_front_a01_@2.png",
                        "mediumUrl": "https://assets.shop.loblaws.ca/products/20135581001/b3/en/front/20135581001_front_a06_@2.png",
                        "largeUrl": "https://assets.shop.loblaws.ca/products/20135581001/b2/en/front/20135581001_front_a06_@2.png",
                        "smallRetinaUrl": "https://assets.shop.loblaws.ca/products/20135581001/b1/en/front/20135581001_front_a01_@2.png",
                        "mediumRetinaUrl": "https://assets.shop.loblaws.ca/products/20135581001/b3/en/front/20135581001_front_a06_@2.png",
                        "largeRetinaUrl": "https://assets.shop.loblaws.ca/products/20135581001/b2/en/front/20135581001_front_a06_@2.png"
                      }
                    ],
                    "brand": null,
                    "title": "Colossal Garlic",
                    "description": "Garlic has a plump bulb (or head) of individual cloves each covered with a thin skin that can be peeled. Heads of garlic can be roasted whole and the individual cloves can be crushed, chopped, pressed, puréed, or sliced. Try eating fresh parsley after a meal containing garlic to help control odour.",
                    "packageSizing": "$13.21/1kg $5.99/1lb",
                    "pricing": {
                      "price": "1.32",
                      "wasPrice": null,
                      "displayPrice": "about $1.32",
                      "memberOnlyPrice": null,
                      "mopDisplayPrice": null
                    },
                    "pricingUnits": {
                      "type": "SOLD_BY_EACH_PRICED_BY_WEIGHT",
                      "unit": "ea",
                      "interval": 1,
                      "minOrderQuantity": 1,
                      "maxOrderQuantity": 25,
                      "weighted": false
                    },
                    "deal": null,
                    "mopDeal": null,
                    "pcoDeal": null,
                    "inventoryIndicator": null,
                    "offerType": "OG",
                    "offerId": "OG",
                    "action": null,
                    "isVariant": false,
                    "link": "/colossal-garlic/p/20135581001_KG",
                    "productVendor": null,
                    "productVariant": null,
                    "textBadge": "",
                    "variantTheme": null,
                    "articleNumber": "20135581001",
                    "uom": "KG",
                    "sponsoredCreative": null,
                    "isSponsored": false,
                    "isComplementarySponsored": false,
                    "complementarySponsoredBadgeText": null,
                    "productBadge": null
                  },
                  {
                    "productId": "20737570001_EA",
                    "productImage": [
                      {
                        "imageUrl": "https://assets.shop.loblaws.ca/products/20737570001/b2/en/front/20737570001_front_a06_@2.png",
                        "smallUrl": "https://assets.shop.loblaws.ca/products/20737570001/b1/en/front/20737570001_front_a01_@2.png",
                        "mediumUrl": "https://assets.shop.loblaws.ca/products/20737570001/b3/en/front/20737570001_front_a06_@2.png",
                        "largeUrl": "https://assets.shop.loblaws.ca/products/20737570001/b2/en/front/20737570001_front_a06_@2.png",
                        "smallRetinaUrl": "https://assets.shop.loblaws.ca/products/20737570001/b1/en/front/20737570001_front_a01_@2.png",
                        "mediumRetinaUrl": "https://assets.shop.loblaws.ca/products/20737570001/b3/en/front/20737570001_front_a06_@2.png",
                        "largeRetinaUrl": "https://assets.shop.loblaws.ca/products/20737570001/b2/en/front/20737570001_front_a06_@2.png"
                      }
                    ],
                    "brand": "Farmer's Market",
                    "title": "Mini Cucumbers",
                    "description": "Mini cucumbers are small versions of the English variety with a bit more crunch. Mini cucumbers are typically enjoyed raw and can eaten with the skin on. Take them with you as a snack on the go or add diced mini cucumbers to your next vegetable platter or salad.",
                    "packageSizing": "6 pack, $0.50/1ea",
                    "pricing": {
                      "price": "2.99",
                      "wasPrice": "$3.99",
                      "displayPrice": "$2.99",
                      "memberOnlyPrice": null,
                      "mopDisplayPrice": null
                    },
                    "pricingUnits": {
                      "type": "SOLD_BY_EACH",
                      "unit": "ea",
                      "interval": 1,
                      "minOrderQuantity": 1,
                      "maxOrderQuantity": 25,
                      "weighted": false
                    },
                    "deal": {
                      "type": "SALE",
                      "text": "SAVE $1.00",
                      "points": 0,
                      "name": "SALE",
                      "expiryDate": "2024-06-05T00:00:00Z",
                      "dealPrice": null
                    },
                    "mopDeal": null,
                    "pcoDeal": null,
                    "inventoryIndicator": null,
                    "offerType": "OG",
                    "offerId": "OG",
                    "action": null,
                    "isVariant": false,
                    "link": "/mini-cucumbers/p/20737570001_EA",
                    "productVendor": null,
                    "productVariant": null,
                    "textBadge": "",
                    "variantTheme": null,
                    "articleNumber": "20737570001",
                    "uom": "EA",
                    "sponsoredCreative": null,
                    "isSponsored": false,
                    "isComplementarySponsored": false,
                    "complementarySponsoredBadgeText": null,
                    "productBadge": null
                  },
                  {
                    "productId": "20083454001_KG",
                    "productImage": [
                      {
                        "imageUrl": "https://assets.shop.loblaws.ca/products/20083454001/b2/en/front/20083454001_front_a06_@2.png",
                        "smallUrl": "https://assets.shop.loblaws.ca/products/20083454001/b1/en/front/20083454001_front_a01_@2.png",
                        "mediumUrl": "https://assets.shop.loblaws.ca/products/20083454001/b3/en/front/20083454001_front_a06_@2.png",
                        "largeUrl": "https://assets.shop.loblaws.ca/products/20083454001/b2/en/front/20083454001_front_a06_@2.png",
                        "smallRetinaUrl": "https://assets.shop.loblaws.ca/products/20083454001/b1/en/front/20083454001_front_a01_@2.png",
                        "mediumRetinaUrl": "https://assets.shop.loblaws.ca/products/20083454001/b3/en/front/20083454001_front_a06_@2.png",
                        "largeRetinaUrl": "https://assets.shop.loblaws.ca/products/20083454001/b2/en/front/20083454001_front_a06_@2.png"
                      }
                    ],
                    "brand": null,
                    "title": "Sweet Onion",
                    "description": "Sweet onions include many varieties, the most common of which is the Vidalia onion. Sweet onions have a golden yellow papery skin and white sweet flesh. They are especially good raw in salads and salsas but sweet onions can also be sliced and braised with beef or fried for onion rings.",
                    "packageSizing": "$6.59/1kg $2.99/1lb",
                    "pricing": {
                      "price": "3.03",
                      "wasPrice": null,
                      "displayPrice": "about $3.03",
                      "memberOnlyPrice": null,
                      "mopDisplayPrice": null
                    },
                    "pricingUnits": {
                      "type": "SOLD_BY_EACH_PRICED_BY_WEIGHT",
                      "unit": "ea",
                      "interval": 1,
                      "minOrderQuantity": 1,
                      "maxOrderQuantity": 25,
                      "weighted": false
                    },
                    "deal": null,
                    "mopDeal": null,
                    "pcoDeal": null,
                    "inventoryIndicator": null,
                    "offerType": "OG",
                    "offerId": "OG",
                    "action": null,
                    "isVariant": false,
                    "link": "/sweet-onion/p/20083454001_KG",
                    "productVendor": null,
                    "productVariant": null,
                    "textBadge": "",
                    "variantTheme": null,
                    "articleNumber": "20083454001",
                    "uom": "KG",
                    "sponsoredCreative": null,
                    "isSponsored": false,
                    "isComplementarySponsored": false,
                    "complementarySponsoredBadgeText": null,
                    "productBadge": null
                  },
                  {
                    "productId": "20117370001_EA",
                    "productImage": [
                      {
                        "imageUrl": "https://assets.shop.loblaws.ca/products/20117370001/b2/en/front/20117370001_front_a06_@2.png",
                        "smallUrl": "https://assets.shop.loblaws.ca/products/20117370001/b1/en/front/20117370001_front_a01_@2.png",
                        "mediumUrl": "https://assets.shop.loblaws.ca/products/20117370001/b3/en/front/20117370001_front_a06_@2.png",
                        "largeUrl": "https://assets.shop.loblaws.ca/products/20117370001/b2/en/front/20117370001_front_a06_@2.png",
                        "smallRetinaUrl": "https://assets.shop.loblaws.ca/products/20117370001/b1/en/front/20117370001_front_a01_@2.png",
                        "mediumRetinaUrl": "https://assets.shop.loblaws.ca/products/20117370001/b3/en/front/20117370001_front_a06_@2.png",
                        "largeRetinaUrl": "https://assets.shop.loblaws.ca/products/20117370001/b2/en/front/20117370001_front_a06_@2.png"
                      }
                    ],
                    "brand": "Farmer's Market",
                    "title": "Mini Carrots",
                    "description": "Baby (or mini) carrots are harvested young and usually very tender and sweet. Because they are already peeled, baby carrots are a quick and easy snack for people of all ages. Enjoy baby carrots on their own, add them to your vegetable platter, or roast them with a little olive oil for an easy side dish.",
                    "packageSizing": "340 g, $1.03/100g",
                    "pricing": {
                      "price": "3.49",
                      "wasPrice": null,
                      "displayPrice": "$3.49",
                      "memberOnlyPrice": null,
                      "mopDisplayPrice": null
                    },
                    "pricingUnits": {
                      "type": "SOLD_BY_EACH",
                      "unit": "ea",
                      "interval": 1,
                      "minOrderQuantity": 1,
                      "maxOrderQuantity": 25,
                      "weighted": false
                    },
                    "deal": null,
                    "mopDeal": null,
                    "pcoDeal": null,
                    "inventoryIndicator": null,
                    "offerType": "OG",
                    "offerId": "OG",
                    "action": null,
                    "isVariant": false,
                    "link": "/mini-carrots/p/20117370001_EA",
                    "productVendor": null,
                    "productVariant": null,
                    "textBadge": "",
                    "variantTheme": null,
                    "articleNumber": "20117370001",
                    "uom": "EA",
                    "sponsoredCreative": null,
                    "isSponsored": false,
                    "isComplementarySponsored": false,
                    "complementarySponsoredBadgeText": null,
                    "productBadge": null
                  },
                  {
                    "productId": "20085851001_EA",
                    "productImage": [
                      {
                        "imageUrl": "https://assets.shop.loblaws.ca/products/20085851001/b2/en/front/20085851001_front_a06_@2.png",
                        "smallUrl": "https://assets.shop.loblaws.ca/products/20085851001/b1/en/front/20085851001_front_a01_@2.png",
                        "mediumUrl": "https://assets.shop.loblaws.ca/products/20085851001/b3/en/front/20085851001_front_a06_@2.png",
                        "largeUrl": "https://assets.shop.loblaws.ca/products/20085851001/b2/en/front/20085851001_front_a06_@2.png",
                        "smallRetinaUrl": "https://assets.shop.loblaws.ca/products/20085851001/b1/en/front/20085851001_front_a01_@2.png",
                        "mediumRetinaUrl": "https://assets.shop.loblaws.ca/products/20085851001/b3/en/front/20085851001_front_a06_@2.png",
                        "largeRetinaUrl": "https://assets.shop.loblaws.ca/products/20085851001/b2/en/front/20085851001_front_a06_@2.png"
                      }
                    ],
                    "brand": "Farmer's Market",
                    "title": "Greenhouse Peppers",
                    "description": "Bell peppers have green, orange, red, or yellow skin and a sweet flavour. They are crisp and juicy, perfect for enjoying raw with dips or hummus and to add some colour to your stir-fries.",
                    "packageSizing": "1 ea, $1.32/1ea",
                    "pricing": {
                      "price": "3.96",
                      "wasPrice": null,
                      "displayPrice": "$3.96",
                      "memberOnlyPrice": null,
                      "mopDisplayPrice": null
                    },
                    "pricingUnits": {
                      "type": "SOLD_BY_EACH",
                      "unit": "ea",
                      "interval": 1,
                      "minOrderQuantity": 1,
                      "maxOrderQuantity": 25,
                      "weighted": false
                    },
                    "deal": null,
                    "mopDeal": null,
                    "pcoDeal": null,
                    "inventoryIndicator": null,
                    "offerType": "OG",
                    "offerId": "OG",
                    "action": null,
                    "isVariant": false,
                    "link": "/greenhouse-peppers/p/20085851001_EA",
                    "productVendor": null,
                    "productVariant": null,
                    "textBadge": "",
                    "variantTheme": null,
                    "articleNumber": "20085851001",
                    "uom": "EA",
                    "sponsoredCreative": null,
                    "isSponsored": false,
                    "isComplementarySponsored": false,
                    "complementarySponsoredBadgeText": null,
                    "productBadge": null
                  },
                  {
                    "productId": "20601020001_EA",
                    "productImage": [
                      {
                        "imageUrl": "https://assets.shop.loblaws.ca/products/20601020001/b2/en/front/20601020001_front_a06_@2.png",
                        "smallUrl": "https://assets.shop.loblaws.ca/products/20601020001/b1/en/front/20601020001_front_a01_@2.png",
                        "mediumUrl": "https://assets.shop.loblaws.ca/products/20601020001/b3/en/front/20601020001_front_a06_@2.png",
                        "largeUrl": "https://assets.shop.loblaws.ca/products/20601020001/b2/en/front/20601020001_front_a06_@2.png",
                        "smallRetinaUrl": "https://assets.shop.loblaws.ca/products/20601020001/b1/en/front/20601020001_front_a01_@2.png",
                        "mediumRetinaUrl": "https://assets.shop.loblaws.ca/products/20601020001/b3/en/front/20601020001_front_a06_@2.png",
                        "largeRetinaUrl": "https://assets.shop.loblaws.ca/products/20601020001/b2/en/front/20601020001_front_a06_@2.png"
                      }
                    ],
                    "brand": "Farmer's Market",
                    "title": "Russet Potatoes 10lb Bag",
                    "description": "Baking (or russet) potatoes have a rough brown skin and a tender white flesh with a mild flavour. They are a popular variety of potato and a good choice for baking, mashing, and frying. Peel and boil russets for mashed potatoes, or bake whole and top with sour cream for a side dish for your steak or pork chops.",
                    "packageSizing": "10 lb bag, $0.13/100g",
                    "pricing": {
                      "price": "5.99",
                      "wasPrice": null,
                      "displayPrice": "$5.99",
                      "memberOnlyPrice": null,
                      "mopDisplayPrice": null
                    },
                    "pricingUnits": {
                      "type": "SOLD_BY_EACH",
                      "unit": "ea",
                      "interval": 1,
                      "minOrderQuantity": 1,
                      "maxOrderQuantity": 25,
                      "weighted": false
                    },
                    "deal": null,
                    "mopDeal": null,
                    "pcoDeal": null,
                    "inventoryIndicator": null,
                    "offerType": "OG",
                    "offerId": "OG",
                    "action": null,
                    "isVariant": false,
                    "link": "/russet-potatoes-10lb-bag/p/20601020001_EA",
                    "productVendor": null,
                    "productVariant": null,
                    "textBadge": "",
                    "variantTheme": null,
                    "articleNumber": "20601020001",
                    "uom": "EA",
                    "sponsoredCreative": null,
                    "isSponsored": false,
                    "isComplementarySponsored": false,
                    "complementarySponsoredBadgeText": null,
                    "productBadge": null
                  },
                  {
                    "productId": "20793034001_KG",
                    "productImage": [
                      {
                        "imageUrl": "https://assets.shop.loblaws.ca/products/20793034001/b2/en/front/20793034001_front_a06_@2.png",
                        "smallUrl": "https://assets.shop.loblaws.ca/products/20793034001/b1/en/front/20793034001_front_a01_@2.png",
                        "mediumUrl": "https://assets.shop.loblaws.ca/products/20793034001/b3/en/front/20793034001_front_a06_@2.png",
                        "largeUrl": "https://assets.shop.loblaws.ca/products/20793034001/b2/en/front/20793034001_front_a06_@2.png",
                        "smallRetinaUrl": "https://assets.shop.loblaws.ca/products/20793034001/b1/en/front/20793034001_front_a01_@2.png",
                        "mediumRetinaUrl": "https://assets.shop.loblaws.ca/products/20793034001/b3/en/front/20793034001_front_a06_@2.png",
                        "largeRetinaUrl": "https://assets.shop.loblaws.ca/products/20793034001/b2/en/front/20793034001_front_a06_@2.png"
                      }
                    ],
                    "brand": null,
                    "title": "Green Cabbage",
                    "description": "Cabbages are cruciferous vegetables that range in size, shape, and colour. Green cabbage heads have tightly wrapped leaves with a mild, spicy flavour that can be eaten raw or cooked. Shred cabbage for salad or slaw, or cut into wedges and roast with olive oil and lemon.",
                    "packageSizing": "$2.84/1kg $1.29/1lb",
                    "pricing": {
                      "price": "4.77",
                      "wasPrice": null,
                      "displayPrice": "about $4.77",
                      "memberOnlyPrice": null,
                      "mopDisplayPrice": null
                    },
                    "pricingUnits": {
                      "type": "SOLD_BY_EACH_PRICED_BY_WEIGHT",
                      "unit": "ea",
                      "interval": 1,
                      "minOrderQuantity": 1,
                      "maxOrderQuantity": 25,
                      "weighted": false
                    },
                    "deal": null,
                    "mopDeal": null,
                    "pcoDeal": null,
                    "inventoryIndicator": null,
                    "offerType": "OG",
                    "offerId": "OG",
                    "action": null,
                    "isVariant": false,
                    "link": "/green-cabbage/p/20793034001_KG",
                    "productVendor": null,
                    "productVariant": null,
                    "textBadge": "",
                    "variantTheme": null,
                    "articleNumber": "20793034001",
                    "uom": "KG",
                    "sponsoredCreative": null,
                    "isSponsored": false,
                    "isComplementarySponsored": false,
                    "complementarySponsoredBadgeText": null,
                    "productBadge": null
                  },
                  {
                    "productId": "20065036001_EA",
                    "productImage": [
                      {
                        "imageUrl": "https://assets.shop.loblaws.ca/products/20065036001/b2/en/front/20065036001_front_a06_@2.png",
                        "smallUrl": "https://assets.shop.loblaws.ca/products/20065036001/b1/en/front/20065036001_front_a01_@2.png",
                        "mediumUrl": "https://assets.shop.loblaws.ca/products/20065036001/b3/en/front/20065036001_front_a06_@2.png",
                        "largeUrl": "https://assets.shop.loblaws.ca/products/20065036001/b2/en/front/20065036001_front_a06_@2.png",
                        "smallRetinaUrl": "https://assets.shop.loblaws.ca/products/20065036001/b1/en/front/20065036001_front_a01_@2.png",
                        "mediumRetinaUrl": "https://assets.shop.loblaws.ca/products/20065036001/b3/en/front/20065036001_front_a06_@2.png",
                        "largeRetinaUrl": "https://assets.shop.loblaws.ca/products/20065036001/b2/en/front/20065036001_front_a06_@2.png"
                      }
                    ],
                    "brand": null,
                    "title": "Romaine Lettuce",
                    "description": "Romaine (or Cos) lettuce has dark green, tightly bunched leaves with crunchy white ribs. It has a slightly bitter flavour and can be used fresh or cooked. Use romaine lettuce to make a classic Caesar salad or as a topping for burgers and sandwiches.",
                    "packageSizing": "1 ea, $4.99/1ea",
                    "pricing": {
                      "price": "4.99",
                      "wasPrice": null,
                      "displayPrice": "$4.99",
                      "memberOnlyPrice": null,
                      "mopDisplayPrice": null
                    },
                    "pricingUnits": {
                      "type": "SOLD_BY_EACH",
                      "unit": "ea",
                      "interval": 1,
                      "minOrderQuantity": 1,
                      "maxOrderQuantity": 25,
                      "weighted": false
                    },
                    "deal": null,
                    "mopDeal": null,
                    "pcoDeal": null,
                    "inventoryIndicator": null,
                    "offerType": "OG",
                    "offerId": "OG",
                    "action": null,
                    "isVariant": false,
                    "link": "/romaine-lettuce/p/20065036001_EA",
                    "productVendor": null,
                    "productVariant": null,
                    "textBadge": "",
                    "variantTheme": null,
                    "articleNumber": "20065036001",
                    "uom": "EA",
                    "sponsoredCreative": null,
                    "isSponsored": false,
                    "isComplementarySponsored": false,
                    "complementarySponsoredBadgeText": null,
                    "productBadge": null
                  },
                  {
                    "productId": "21021499_EA",
                    "productImage": [
                      {
                        "imageUrl": "https://assets.shop.loblaws.ca/products/21021499/b2/en/front/21021499_front_a06_@2.png",
                        "smallUrl": "https://assets.shop.loblaws.ca/products/21021499/b1/en/front/21021499_front_a01_@2.png",
                        "mediumUrl": "https://assets.shop.loblaws.ca/products/21021499/b3/en/front/21021499_front_a06_@2.png",
                        "largeUrl": "https://assets.shop.loblaws.ca/products/21021499/b2/en/front/21021499_front_a06_@2.png",
                        "smallRetinaUrl": "https://assets.shop.loblaws.ca/products/21021499/b1/en/front/21021499_front_a01_@2.png",
                        "mediumRetinaUrl": "https://assets.shop.loblaws.ca/products/21021499/b3/en/front/21021499_front_a06_@2.png",
                        "largeRetinaUrl": "https://assets.shop.loblaws.ca/products/21021499/b2/en/front/21021499_front_a06_@2.png"
                      }
                    ],
                    "brand": "PC Organics",
                    "title": "White Mushrooms",
                    "description": null,
                    "packageSizing": "227 g, $1.32/100g",
                    "pricing": {
                      "price": "2.99",
                      "wasPrice": null,
                      "displayPrice": "$2.99",
                      "memberOnlyPrice": null,
                      "mopDisplayPrice": null
                    },
                    "pricingUnits": {
                      "type": "SOLD_BY_EACH",
                      "unit": "ea",
                      "interval": 1,
                      "minOrderQuantity": 1,
                      "maxOrderQuantity": 25,
                      "weighted": false
                    },
                    "deal": null,
                    "mopDeal": null,
                    "pcoDeal": null,
                    "inventoryIndicator": {
                      "indicatorId": "OUT",
                      "text": "Out of Stock"
                    },
                    "offerType": "OG",
                    "offerId": "OG",
                    "action": null,
                    "isVariant": false,
                    "link": "/white-mushrooms/p/21021499_EA",
                    "productVendor": null,
                    "productVariant": null,
                    "textBadge": "out-of-stock",
                    "variantTheme": null,
                    "articleNumber": "21021499",
                    "uom": "EA",
                    "sponsoredCreative": null,
                    "isSponsored": false,
                    "isComplementarySponsored": false,
                    "complementarySponsoredBadgeText": null,
                    "productBadge": null
                  },
                  {
                    "productId": "21021565_EA",
                    "productImage": [
                      {
                        "imageUrl": "https://assets.shop.loblaws.ca/products/21021565/b2/en/front/21021565_front_a06_@2.png",
                        "smallUrl": "https://assets.shop.loblaws.ca/products/21021565/b1/en/front/21021565_front_a01_@2.png",
                        "mediumUrl": "https://assets.shop.loblaws.ca/products/21021565/b3/en/front/21021565_front_a06_@2.png",
                        "largeUrl": "https://assets.shop.loblaws.ca/products/21021565/b2/en/front/21021565_front_a06_@2.png",
                        "smallRetinaUrl": "https://assets.shop.loblaws.ca/products/21021565/b1/en/front/21021565_front_a01_@2.png",
                        "mediumRetinaUrl": "https://assets.shop.loblaws.ca/products/21021565/b3/en/front/21021565_front_a06_@2.png",
                        "largeRetinaUrl": "https://assets.shop.loblaws.ca/products/21021565/b2/en/front/21021565_front_a06_@2.png"
                      }
                    ],
                    "brand": "PC Organics",
                    "title": "Cremini Mushrooms",
                    "description": null,
                    "packageSizing": "227 g, $1.32/100g",
                    "pricing": {
                      "price": "2.99",
                      "wasPrice": null,
                      "displayPrice": "$2.99",
                      "memberOnlyPrice": null,
                      "mopDisplayPrice": null
                    },
                    "pricingUnits": {
                      "type": "SOLD_BY_EACH",
                      "unit": "ea",
                      "interval": 1,
                      "minOrderQuantity": 1,
                      "maxOrderQuantity": 25,
                      "weighted": false
                    },
                    "deal": null,
                    "mopDeal": null,
                    "pcoDeal": null,
                    "inventoryIndicator": {
                      "indicatorId": "LOW",
                      "text": "Low Stock"
                    },
                    "offerType": "OG",
                    "offerId": "OG",
                    "action": null,
                    "isVariant": false,
                    "link": "/cremini-mushrooms/p/21021565_EA",
                    "productVendor": null,
                    "productVariant": null,
                    "textBadge": "low-inventory",
                    "variantTheme": null,
                    "articleNumber": "21021565",
                    "uom": "EA",
                    "sponsoredCreative": null,
                    "isSponsored": false,
                    "isComplementarySponsored": false,
                    "complementarySponsoredBadgeText": null,
                    "productBadge": null
                  },
                  {
                    "productId": "20031454001_EA",
                    "productImage": [
                      {
                        "imageUrl": "https://assets.shop.loblaws.ca/products/20031454001/b2/en/front/20031454001_front_a06_@2.png",
                        "smallUrl": "https://assets.shop.loblaws.ca/products/20031454001/b1/en/front/20031454001_front_a01_@2.png",
                        "mediumUrl": "https://assets.shop.loblaws.ca/products/20031454001/b3/en/front/20031454001_front_a06_@2.png",
                        "largeUrl": "https://assets.shop.loblaws.ca/products/20031454001/b2/en/front/20031454001_front_a06_@2.png",
                        "smallRetinaUrl": "https://assets.shop.loblaws.ca/products/20031454001/b1/en/front/20031454001_front_a01_@2.png",
                        "mediumRetinaUrl": "https://assets.shop.loblaws.ca/products/20031454001/b3/en/front/20031454001_front_a06_@2.png",
                        "largeRetinaUrl": "https://assets.shop.loblaws.ca/products/20031454001/b2/en/front/20031454001_front_a06_@2.png"
                      }
                    ],
                    "brand": "Farmer's Market",
                    "title": "Carrotsmini 2Lb     ",
                    "description": "Mini (or baby) carrots are harvested young and usually very tender and sweet. Because they are already peeled, baby carrots are a quick and easy snack for people of all ages. Enjoy baby carrots on their own, add them to your vegetable platter, or roast them with a little olive oil for an easy side dish.",
                    "packageSizing": "2 lb bag, $0.55/100g",
                    "pricing": {
                      "price": "4.99",
                      "wasPrice": null,
                      "displayPrice": "$4.99",
                      "memberOnlyPrice": null,
                      "mopDisplayPrice": null
                    },
                    "pricingUnits": {
                      "type": "SOLD_BY_EACH",
                      "unit": "ea",
                      "interval": 1,
                      "minOrderQuantity": 1,
                      "maxOrderQuantity": 25,
                      "weighted": false
                    },
                    "deal": null,
                    "mopDeal": null,
                    "pcoDeal": null,
                    "inventoryIndicator": null,
                    "offerType": "OG",
                    "offerId": "OG",
                    "action": null,
                    "isVariant": false,
                    "link": "/carrotsmini-2lb/p/20031454001_EA",
                    "productVendor": null,
                    "productVariant": null,
                    "textBadge": "",
                    "variantTheme": null,
                    "articleNumber": "20031454001",
                    "uom": "EA",
                    "sponsoredCreative": null,
                    "isSponsored": false,
                    "isComplementarySponsored": false,
                    "complementarySponsoredBadgeText": null,
                    "productBadge": null
                  },
                  {
                    "productId": "20166880001_KG",
                    "productImage": [
                      {
                        "imageUrl": "https://assets.shop.loblaws.ca/products/20166880001/b2/en/front/20166880001_front_a06_@2.png",
                        "smallUrl": "https://assets.shop.loblaws.ca/products/20166880001/b1/en/front/20166880001_front_a01_@2.png",
                        "mediumUrl": "https://assets.shop.loblaws.ca/products/20166880001/b3/en/front/20166880001_front_a06_@2.png",
                        "largeUrl": "https://assets.shop.loblaws.ca/products/20166880001/b2/en/front/20166880001_front_a06_@2.png",
                        "smallRetinaUrl": "https://assets.shop.loblaws.ca/products/20166880001/b1/en/front/20166880001_front_a01_@2.png",
                        "mediumRetinaUrl": "https://assets.shop.loblaws.ca/products/20166880001/b3/en/front/20166880001_front_a06_@2.png",
                        "largeRetinaUrl": "https://assets.shop.loblaws.ca/products/20166880001/b2/en/front/20166880001_front_a06_@2.png"
                      }
                    ],
                    "brand": null,
                    "title": "Greenhouse Peppers, Orange",
                    "description": "Orange bell peppers have a bright orange skin and sweet flavour. Their flesh is crisp and juicy, perfect for enjoying raw with dips or hummus. Orange bell peppers will add some colour to your stir-fry and are also perfect for grilling.",
                    "packageSizing": "$8.80/1kg $3.99/1lb",
                    "pricing": {
                      "price": "2.11",
                      "wasPrice": "$2.64",
                      "displayPrice": "about $2.11",
                      "memberOnlyPrice": null,
                      "mopDisplayPrice": null
                    },
                    "pricingUnits": {
                      "type": "SOLD_BY_EACH_PRICED_BY_WEIGHT",
                      "unit": "ea",
                      "interval": 1,
                      "minOrderQuantity": 1,
                      "maxOrderQuantity": 25,
                      "weighted": false
                    },
                    "deal": {
                      "type": "SALE",
                      "text": "SAVE $0.53",
                      "points": 0,
                      "name": "SALE",
                      "expiryDate": "2024-06-05T00:00:00Z",
                      "dealPrice": null
                    },
                    "mopDeal": null,
                    "pcoDeal": null,
                    "inventoryIndicator": null,
                    "offerType": "OG",
                    "offerId": "OG",
                    "action": null,
                    "isVariant": false,
                    "link": "/greenhouse-peppers-orange/p/20166880001_KG",
                    "productVendor": null,
                    "productVariant": null,
                    "textBadge": "",
                    "variantTheme": null,
                    "articleNumber": "20166880001",
                    "uom": "KG",
                    "sponsoredCreative": null,
                    "isSponsored": false,
                    "isComplementarySponsored": false,
                    "complementarySponsoredBadgeText": null,
                    "productBadge": null
                  },
                  {
                    "productId": "20138805001_EA",
                    "productImage": [
                      {
                        "imageUrl": "https://assets.shop.loblaws.ca/products/20138805001/b2/en/front/20138805001_front_a06_@2.png",
                        "smallUrl": "https://assets.shop.loblaws.ca/products/20138805001/b1/en/front/20138805001_front_a01_@2.png",
                        "mediumUrl": "https://assets.shop.loblaws.ca/products/20138805001/b3/en/front/20138805001_front_a06_@2.png",
                        "largeUrl": "https://assets.shop.loblaws.ca/products/20138805001/b2/en/front/20138805001_front_a06_@2.png",
                        "smallRetinaUrl": "https://assets.shop.loblaws.ca/products/20138805001/b1/en/front/20138805001_front_a01_@2.png",
                        "mediumRetinaUrl": "https://assets.shop.loblaws.ca/products/20138805001/b3/en/front/20138805001_front_a06_@2.png",
                        "largeRetinaUrl": "https://assets.shop.loblaws.ca/products/20138805001/b2/en/front/20138805001_front_a06_@2.png"
                      }
                    ],
                    "brand": null,
                    "title": "Kale",
                    "description": "Kale is a cruciferous vegetable with loosely bunched green leaves and thick centre stalks. It has a mild flavour that is similar to cabbage and becomes sweeter when cooked. Add raw kale to salads and smoothies, sauté with lemon as a side dish, or add to soup with cannellini beans and sausage.",
                    "packageSizing": "1 ea, $3.99/1ea",
                    "pricing": {
                      "price": "3.99",
                      "wasPrice": null,
                      "displayPrice": "$3.99",
                      "memberOnlyPrice": null,
                      "mopDisplayPrice": null
                    },
                    "pricingUnits": {
                      "type": "SOLD_BY_EACH",
                      "unit": "ea",
                      "interval": 1,
                      "minOrderQuantity": 1,
                      "maxOrderQuantity": 25,
                      "weighted": false
                    },
                    "deal": null,
                    "mopDeal": null,
                    "pcoDeal": null,
                    "inventoryIndicator": null,
                    "offerType": "OG",
                    "offerId": "OG",
                    "action": null,
                    "isVariant": false,
                    "link": "/kale/p/20138805001_EA",
                    "productVendor": null,
                    "productVariant": null,
                    "textBadge": "",
                    "variantTheme": null,
                    "articleNumber": "20138805001",
                    "uom": "EA",
                    "sponsoredCreative": null,
                    "isSponsored": false,
                    "isComplementarySponsored": false,
                    "complementarySponsoredBadgeText": null,
                    "productBadge": null
                  },
                  {
                    "productId": "20003839001_KG",
                    "productImage": [
                      {
                        "imageUrl": "https://assets.shop.loblaws.ca/products/20003839001/b2/en/front/20003839001_front_a06_@2.png",
                        "smallUrl": "https://assets.shop.loblaws.ca/products/20003839001/b1/en/front/20003839001_front_a01_@2.png",
                        "mediumUrl": "https://assets.shop.loblaws.ca/products/20003839001/b3/en/front/20003839001_front_a06_@2.png",
                        "largeUrl": "https://assets.shop.loblaws.ca/products/20003839001/b2/en/front/20003839001_front_a06_@2.png",
                        "smallRetinaUrl": "https://assets.shop.loblaws.ca/products/20003839001/b1/en/front/20003839001_front_a01_@2.png",
                        "mediumRetinaUrl": "https://assets.shop.loblaws.ca/products/20003839001/b3/en/front/20003839001_front_a06_@2.png",
                        "largeRetinaUrl": "https://assets.shop.loblaws.ca/products/20003839001/b2/en/front/20003839001_front_a06_@2.png"
                      }
                    ],
                    "brand": null,
                    "title": "White Onion",
                    "description": "White onions have a white papery skin and white sharp-tasting flesh. They can be used raw and hold their crunch well when cooked. Chop for salsas and chutneys, or slice and grill with bell peppers for a quick side dish to serve with steak.",
                    "packageSizing": "$8.80/1kg $3.99/1lb",
                    "pricing": {
                      "price": "3.26",
                      "wasPrice": null,
                      "displayPrice": "about $3.26",
                      "memberOnlyPrice": null,
                      "mopDisplayPrice": null
                    },
                    "pricingUnits": {
                      "type": "SOLD_BY_EACH_PRICED_BY_WEIGHT",
                      "unit": "ea",
                      "interval": 1,
                      "minOrderQuantity": 1,
                      "maxOrderQuantity": 25,
                      "weighted": false
                    },
                    "deal": null,
                    "mopDeal": null,
                    "pcoDeal": null,
                    "inventoryIndicator": {
                      "indicatorId": "LOW",
                      "text": "Low Stock"
                    },
                    "offerType": "OG",
                    "offerId": "OG",
                    "action": null,
                    "isVariant": false,
                    "link": "/white-onion/p/20003839001_KG",
                    "productVendor": null,
                    "productVariant": null,
                    "textBadge": "low-inventory",
                    "variantTheme": null,
                    "articleNumber": "20003839001",
                    "uom": "KG",
                    "sponsoredCreative": null,
                    "isSponsored": false,
                    "isComplementarySponsored": false,
                    "complementarySponsoredBadgeText": null,
                    "productBadge": null
                  },
                  {
                    "productId": "21247300001_EA",
                    "productImage": [
                      {
                        "imageUrl": "https://assets.shop.loblaws.ca/products/21247300001/b2/en/front/21247300001_front_a06_@2.png",
                        "smallUrl": "https://assets.shop.loblaws.ca/products/21247300001/b1/en/front/21247300001_front_a01_@2.png",
                        "mediumUrl": "https://assets.shop.loblaws.ca/products/21247300001/b3/en/front/21247300001_front_a06_@2.png",
                        "largeUrl": "https://assets.shop.loblaws.ca/products/21247300001/b2/en/front/21247300001_front_a06_@2.png",
                        "smallRetinaUrl": "https://assets.shop.loblaws.ca/products/21247300001/b1/en/front/21247300001_front_a01_@2.png",
                        "mediumRetinaUrl": "https://assets.shop.loblaws.ca/products/21247300001/b3/en/front/21247300001_front_a06_@2.png",
                        "largeRetinaUrl": "https://assets.shop.loblaws.ca/products/21247300001/b2/en/front/21247300001_front_a06_@2.png"
                      }
                    ],
                    "brand": "President's Choice",
                    "title": "Yellow Mini Potatoes",
                    "description": null,
                    "packageSizing": "0.68 kg, $0.73/100g",
                    "pricing": {
                      "price": "4.99",
                      "wasPrice": null,
                      "displayPrice": "$4.99",
                      "memberOnlyPrice": null,
                      "mopDisplayPrice": null
                    },
                    "pricingUnits": {
                      "type": "SOLD_BY_EACH",
                      "unit": "ea",
                      "interval": 1,
                      "minOrderQuantity": 1,
                      "maxOrderQuantity": 25,
                      "weighted": false
                    },
                    "deal": null,
                    "mopDeal": null,
                    "pcoDeal": null,
                    "inventoryIndicator": null,
                    "offerType": "OG",
                    "offerId": "OG",
                    "action": null,
                    "isVariant": false,
                    "link": "/yellow-mini-potatoes/p/21247300001_EA",
                    "productVendor": null,
                    "productVariant": null,
                    "textBadge": "",
                    "variantTheme": null,
                    "articleNumber": "21247300001",
                    "uom": "EA",
                    "sponsoredCreative": null,
                    "isSponsored": false,
                    "isComplementarySponsored": false,
                    "complementarySponsoredBadgeText": null,
                    "productBadge": null
                  },
                  {
                    "productId": "20141814001_KG",
                    "productImage": [
                      {
                        "imageUrl": "https://assets.shop.loblaws.ca/products/20141814001/b2/en/front/20141814001_front_a06_@2.png",
                        "smallUrl": "https://assets.shop.loblaws.ca/products/20141814001/b1/en/front/20141814001_front_a01_@2.png",
                        "mediumUrl": "https://assets.shop.loblaws.ca/products/20141814001/b3/en/front/20141814001_front_a06_@2.png",
                        "largeUrl": "https://assets.shop.loblaws.ca/products/20141814001/b2/en/front/20141814001_front_a06_@2.png",
                        "smallRetinaUrl": "https://assets.shop.loblaws.ca/products/20141814001/b1/en/front/20141814001_front_a01_@2.png",
                        "mediumRetinaUrl": "https://assets.shop.loblaws.ca/products/20141814001/b3/en/front/20141814001_front_a06_@2.png",
                        "largeRetinaUrl": "https://assets.shop.loblaws.ca/products/20141814001/b2/en/front/20141814001_front_a06_@2.png"
                      }
                    ],
                    "brand": null,
                    "title": "Greenhouse Peppers, Yellow",
                    "description": "Yellow bell peppers have a bright yellow skin and mild, sweet flavour. Their flesh is crisp and juicy, perfect for enjoying raw with dips or hummus. Yellow bell peppers will add some colour to your stir-fry, or remove the tops and seeds to make stuffed bell peppers.",
                    "packageSizing": "$8.80/1kg $3.99/1lb",
                    "pricing": {
                      "price": "2.20",
                      "wasPrice": "$2.75",
                      "displayPrice": "about $2.20",
                      "memberOnlyPrice": null,
                      "mopDisplayPrice": null
                    },
                    "pricingUnits": {
                      "type": "SOLD_BY_EACH_PRICED_BY_WEIGHT",
                      "unit": "ea",
                      "interval": 1,
                      "minOrderQuantity": 1,
                      "maxOrderQuantity": 25,
                      "weighted": false
                    },
                    "deal": {
                      "type": "SALE",
                      "text": "SAVE $0.55",
                      "points": 0,
                      "name": "SALE",
                      "expiryDate": "2024-06-05T00:00:00Z",
                      "dealPrice": null
                    },
                    "mopDeal": null,
                    "pcoDeal": null,
                    "inventoryIndicator": null,
                    "offerType": "OG",
                    "offerId": "OG",
                    "action": null,
                    "isVariant": false,
                    "link": "/greenhouse-peppers-yellow/p/20141814001_KG",
                    "productVendor": null,
                    "productVariant": null,
                    "textBadge": "",
                    "variantTheme": null,
                    "articleNumber": "20141814001",
                    "uom": "KG",
                    "sponsoredCreative": null,
                    "isSponsored": false,
                    "isComplementarySponsored": false,
                    "complementarySponsoredBadgeText": null,
                    "productBadge": null
                  },
                  {
                    "productId": "20088387001_KG",
                    "productImage": [
                      {
                        "imageUrl": "https://assets.shop.loblaws.ca/products/20088387001/b2/en/front/20088387001_front_a06_@2.png",
                        "smallUrl": "https://assets.shop.loblaws.ca/products/20088387001/b1/en/front/20088387001_front_a01_@2.png",
                        "mediumUrl": "https://assets.shop.loblaws.ca/products/20088387001/b3/en/front/20088387001_front_a06_@2.png",
                        "largeUrl": "https://assets.shop.loblaws.ca/products/20088387001/b2/en/front/20088387001_front_a06_@2.png",
                        "smallRetinaUrl": "https://assets.shop.loblaws.ca/products/20088387001/b1/en/front/20088387001_front_a01_@2.png",
                        "mediumRetinaUrl": "https://assets.shop.loblaws.ca/products/20088387001/b3/en/front/20088387001_front_a06_@2.png",
                        "largeRetinaUrl": "https://assets.shop.loblaws.ca/products/20088387001/b2/en/front/20088387001_front_a06_@2.png"
                      }
                    ],
                    "brand": null,
                    "title": "Jalapeno Peppers",
                    "description": "Jalapeno peppers are slightly rounded chilies with smooth green skin that turns red when ripe. Jalapenos are popular because of their flavour and because they are easy to seed. Add jalapeno peppers to sauces and salsas. Scoville scale rating of 2,500 – 8,000.",
                    "packageSizing": "$6.59/1kg $2.99/1lb",
                    "pricing": {
                      "price": "0.33",
                      "wasPrice": null,
                      "displayPrice": "about $0.33",
                      "memberOnlyPrice": null,
                      "mopDisplayPrice": null
                    },
                    "pricingUnits": {
                      "type": "SOLD_BY_EACH_PRICED_BY_WEIGHT",
                      "unit": "ea",
                      "interval": 1,
                      "minOrderQuantity": 1,
                      "maxOrderQuantity": 25,
                      "weighted": false
                    },
                    "deal": null,
                    "mopDeal": null,
                    "pcoDeal": null,
                    "inventoryIndicator": null,
                    "offerType": "OG",
                    "offerId": "OG",
                    "action": null,
                    "isVariant": false,
                    "link": "/jalapeno-peppers/p/20088387001_KG",
                    "productVendor": null,
                    "productVariant": null,
                    "textBadge": "",
                    "variantTheme": null,
                    "articleNumber": "20088387001",
                    "uom": "KG",
                    "sponsoredCreative": null,
                    "isSponsored": false,
                    "isComplementarySponsored": false,
                    "complementarySponsoredBadgeText": null,
                    "productBadge": null
                  },
                  {
                    "productId": "20799491001_EA",
                    "productImage": [
                      {
                        "imageUrl": "https://assets.shop.loblaws.ca/products/20799491001/b2/en/front/20799491001_front_a06_@2.png",
                        "smallUrl": "https://assets.shop.loblaws.ca/products/20799491001/b1/en/front/20799491001_front_a01_@2.png",
                        "mediumUrl": "https://assets.shop.loblaws.ca/products/20799491001/b3/en/front/20799491001_front_a06_@2.png",
                        "largeUrl": "https://assets.shop.loblaws.ca/products/20799491001/b2/en/front/20799491001_front_a06_@2.png",
                        "smallRetinaUrl": "https://assets.shop.loblaws.ca/products/20799491001/b1/en/front/20799491001_front_a01_@2.png",
                        "mediumRetinaUrl": "https://assets.shop.loblaws.ca/products/20799491001/b3/en/front/20799491001_front_a06_@2.png",
                        "largeRetinaUrl": "https://assets.shop.loblaws.ca/products/20799491001/b2/en/front/20799491001_front_a06_@2.png"
                      }
                    ],
                    "brand": "PC Organics",
                    "title": "Grape Tomatoes",
                    "description": "Bite-size and bursting with sweet flavour, these juicy organic grape tomatoes are great for snacking and everyday dishes. Toss in fresh salads and pasta dishes, use them to make fresh salsa or skewer for meat or veggie kebabs. They?re also delicious roasted or saut?ed as a side.",
                    "packageSizing": "255 g, $1.96/100g",
                    "pricing": {
                      "price": "4.99",
                      "wasPrice": null,
                      "displayPrice": "$4.99",
                      "memberOnlyPrice": null,
                      "mopDisplayPrice": null
                    },
                    "pricingUnits": {
                      "type": "SOLD_BY_EACH",
                      "unit": "ea",
                      "interval": 1,
                      "minOrderQuantity": 1,
                      "maxOrderQuantity": 25,
                      "weighted": false
                    },
                    "deal": null,
                    "mopDeal": null,
                    "pcoDeal": null,
                    "inventoryIndicator": null,
                    "offerType": "OG",
                    "offerId": "OG",
                    "action": null,
                    "isVariant": false,
                    "link": "/grape-tomatoes/p/20799491001_EA",
                    "productVendor": null,
                    "productVariant": null,
                    "textBadge": "",
                    "variantTheme": null,
                    "articleNumber": "20799491001",
                    "uom": "EA",
                    "sponsoredCreative": null,
                    "isSponsored": false,
                    "isComplementarySponsored": false,
                    "complementarySponsoredBadgeText": null,
                    "productBadge": null
                  },
                  {
                    "productId": "21083917001_EA",
                    "productImage": [
                      {
                        "imageUrl": "https://assets.shop.loblaws.ca/products/21083917001/b2/en/front/21083917001_front_a06_@2.png",
                        "smallUrl": "https://assets.shop.loblaws.ca/products/21083917001/b1/en/front/21083917001_front_a01_@2.png",
                        "mediumUrl": "https://assets.shop.loblaws.ca/products/21083917001/b3/en/front/21083917001_front_a06_@2.png",
                        "largeUrl": "https://assets.shop.loblaws.ca/products/21083917001/b2/en/front/21083917001_front_a06_@2.png",
                        "smallRetinaUrl": "https://assets.shop.loblaws.ca/products/21083917001/b1/en/front/21083917001_front_a01_@2.png",
                        "mediumRetinaUrl": "https://assets.shop.loblaws.ca/products/21083917001/b3/en/front/21083917001_front_a06_@2.png",
                        "largeRetinaUrl": "https://assets.shop.loblaws.ca/products/21083917001/b2/en/front/21083917001_front_a06_@2.png"
                      },
                      {
                        "imageUrl": "https://assets.shop.loblaws.ca/products/21083917001/b2/en/top/21083917001_top_a06_@2.png",
                        "smallUrl": "https://assets.shop.loblaws.ca/products/21083917001/b1/en/top/21083917001_top_a01_@2.png",
                        "mediumUrl": "https://assets.shop.loblaws.ca/products/21083917001/b3/en/top/21083917001_top_a06_@2.png",
                        "largeUrl": "https://assets.shop.loblaws.ca/products/21083917001/b2/en/top/21083917001_top_a06_@2.png",
                        "smallRetinaUrl": "https://assets.shop.loblaws.ca/products/21083917001/b1/en/top/21083917001_top_a01_@2.png",
                        "mediumRetinaUrl": "https://assets.shop.loblaws.ca/products/21083917001/b3/en/top/21083917001_top_a06_@2.png",
                        "largeRetinaUrl": "https://assets.shop.loblaws.ca/products/21083917001/b2/en/top/21083917001_top_a06_@2.png"
                      }
                    ],
                    "brand": null,
                    "title": "Pearl Onion",
                    "description": null,
                    "packageSizing": "250 g, $1.60/100g",
                    "pricing": {
                      "price": "3.99",
                      "wasPrice": null,
                      "displayPrice": "$3.99",
                      "memberOnlyPrice": null,
                      "mopDisplayPrice": null
                    },
                    "pricingUnits": {
                      "type": "SOLD_BY_EACH",
                      "unit": "ea",
                      "interval": 1,
                      "minOrderQuantity": 1,
                      "maxOrderQuantity": 25,
                      "weighted": false
                    },
                    "deal": null,
                    "mopDeal": null,
                    "pcoDeal": null,
                    "inventoryIndicator": null,
                    "offerType": "OG",
                    "offerId": "OG",
                    "action": null,
                    "isVariant": false,
                    "link": "/pearl-onion/p/21083917001_EA",
                    "productVendor": null,
                    "productVariant": null,
                    "textBadge": "",
                    "variantTheme": null,
                    "articleNumber": "21083917001",
                    "uom": "EA",
                    "sponsoredCreative": null,
                    "isSponsored": false,
                    "isComplementarySponsored": false,
                    "complementarySponsoredBadgeText": null,
                    "productBadge": null
                  },
                  {
                    "productId": "20686492001_KG",
                    "productImage": [
                      {
                        "imageUrl": "https://assets.shop.loblaws.ca/products/20686492001/b2/en/front/20686492001_front_a06_@2.png",
                        "smallUrl": "https://assets.shop.loblaws.ca/products/20686492001/b1/en/front/20686492001_front_a01_@2.png",
                        "mediumUrl": "https://assets.shop.loblaws.ca/products/20686492001/b3/en/front/20686492001_front_a06_@2.png",
                        "largeUrl": "https://assets.shop.loblaws.ca/products/20686492001/b2/en/front/20686492001_front_a06_@2.png",
                        "smallRetinaUrl": "https://assets.shop.loblaws.ca/products/20686492001/b1/en/front/20686492001_front_a01_@2.png",
                        "mediumRetinaUrl": "https://assets.shop.loblaws.ca/products/20686492001/b3/en/front/20686492001_front_a06_@2.png",
                        "largeRetinaUrl": "https://assets.shop.loblaws.ca/products/20686492001/b2/en/front/20686492001_front_a06_@2.png"
                      }
                    ],
                    "brand": null,
                    "title": "Long Beans",
                    "description": "Long (or Chinese long/yard-long) beans are thin legumes that look like longer versions of green beans. They have a similar flavour to green beans but are not as crisp, and they can become mushy if overcooked. Cut long beans and add to stir-fries or sauté and serve as a simple side dish.",
                    "packageSizing": "$1.32/100g $13.21/1kg",
                    "pricing": {
                      "price": "0.66",
                      "wasPrice": null,
                      "displayPrice": "$0.66",
                      "memberOnlyPrice": null,
                      "mopDisplayPrice": null
                    },
                    "pricingUnits": {
                      "type": "SOLD_BY_WEIGHT",
                      "unit": "g",
                      "interval": 50,
                      "minOrderQuantity": 50,
                      "maxOrderQuantity": 999,
                      "weighted": true
                    },
                    "deal": null,
                    "mopDeal": null,
                    "pcoDeal": null,
                    "inventoryIndicator": {
                      "indicatorId": "LOW",
                      "text": "Low Stock"
                    },
                    "offerType": "OG",
                    "offerId": "OG",
                    "action": null,
                    "isVariant": false,
                    "link": "/long-beans/p/20686492001_KG",
                    "productVendor": null,
                    "productVariant": null,
                    "textBadge": "low-inventory",
                    "variantTheme": null,
                    "articleNumber": "20686492001",
                    "uom": "KG",
                    "sponsoredCreative": null,
                    "isSponsored": false,
                    "isComplementarySponsored": false,
                    "complementarySponsoredBadgeText": null,
                    "productBadge": null
                  },
                  {
                    "productId": "21095252001_EA",
                    "productImage": [
                      {
                        "imageUrl": "https://assets.shop.loblaws.ca/products/21095252001/b2/en/front/21095252001_front_a06_@2.png",
                        "smallUrl": "https://assets.shop.loblaws.ca/products/21095252001/b1/en/front/21095252001_front_a01_@2.png",
                        "mediumUrl": "https://assets.shop.loblaws.ca/products/21095252001/b3/en/front/21095252001_front_a06_@2.png",
                        "largeUrl": "https://assets.shop.loblaws.ca/products/21095252001/b2/en/front/21095252001_front_a06_@2.png",
                        "smallRetinaUrl": "https://assets.shop.loblaws.ca/products/21095252001/b1/en/front/21095252001_front_a01_@2.png",
                        "mediumRetinaUrl": "https://assets.shop.loblaws.ca/products/21095252001/b3/en/front/21095252001_front_a06_@2.png",
                        "largeRetinaUrl": "https://assets.shop.loblaws.ca/products/21095252001/b2/en/front/21095252001_front_a06_@2.png"
                      }
                    ],
                    "brand": null,
                    "title": "Organic Beet Bunch",
                    "description": null,
                    "packageSizing": "699 g, $0.86/100g",
                    "pricing": {
                      "price": "5.99",
                      "wasPrice": null,
                      "displayPrice": "$5.99",
                      "memberOnlyPrice": null,
                      "mopDisplayPrice": null
                    },
                    "pricingUnits": {
                      "type": "SOLD_BY_EACH",
                      "unit": "ea",
                      "interval": 1,
                      "minOrderQuantity": 1,
                      "maxOrderQuantity": 25,
                      "weighted": false
                    },
                    "deal": null,
                    "mopDeal": null,
                    "pcoDeal": null,
                    "inventoryIndicator": null,
                    "offerType": "OG",
                    "offerId": "OG",
                    "action": null,
                    "isVariant": false,
                    "link": "/organic-beet-bunch/p/21095252001_EA",
                    "productVendor": null,
                    "productVariant": null,
                    "textBadge": "",
                    "variantTheme": null,
                    "articleNumber": "21095252001",
                    "uom": "EA",
                    "sponsoredCreative": null,
                    "isSponsored": false,
                    "isComplementarySponsored": false,
                    "complementarySponsoredBadgeText": null,
                    "productBadge": null
                  },
                  {
                    "productId": "20908098001_EA",
                    "productImage": [
                      {
                        "imageUrl": "https://assets.shop.loblaws.ca/products/20908098001/b2/en/front/20908098001_front_a06_@2.png",
                        "smallUrl": "https://assets.shop.loblaws.ca/products/20908098001/b1/en/front/20908098001_front_a01_@2.png",
                        "mediumUrl": "https://assets.shop.loblaws.ca/products/20908098001/b3/en/front/20908098001_front_a06_@2.png",
                        "largeUrl": "https://assets.shop.loblaws.ca/products/20908098001/b2/en/front/20908098001_front_a06_@2.png",
                        "smallRetinaUrl": "https://assets.shop.loblaws.ca/products/20908098001/b1/en/front/20908098001_front_a01_@2.png",
                        "mediumRetinaUrl": "https://assets.shop.loblaws.ca/products/20908098001/b3/en/front/20908098001_front_a06_@2.png",
                        "largeRetinaUrl": "https://assets.shop.loblaws.ca/products/20908098001/b2/en/front/20908098001_front_a06_@2.png"
                      }
                    ],
                    "brand": null,
                    "title": "Organic Rainbow Carrots",
                    "description": null,
                    "packageSizing": "1 ea, $5.99/1ea",
                    "pricing": {
                      "price": "5.99",
                      "wasPrice": null,
                      "displayPrice": "$5.99",
                      "memberOnlyPrice": null,
                      "mopDisplayPrice": null
                    },
                    "pricingUnits": {
                      "type": "SOLD_BY_EACH",
                      "unit": "ea",
                      "interval": 1,
                      "minOrderQuantity": 1,
                      "maxOrderQuantity": 25,
                      "weighted": false
                    },
                    "deal": null,
                    "mopDeal": null,
                    "pcoDeal": null,
                    "inventoryIndicator": null,
                    "offerType": "OG",
                    "offerId": "OG",
                    "action": null,
                    "isVariant": false,
                    "link": "/organic-rainbow-carrots/p/20908098001_EA",
                    "productVendor": null,
                    "productVariant": null,
                    "textBadge": "",
                    "variantTheme": null,
                    "articleNumber": "20908098001",
                    "uom": "EA",
                    "sponsoredCreative": null,
                    "isSponsored": false,
                    "isComplementarySponsored": false,
                    "complementarySponsoredBadgeText": null,
                    "productBadge": null
                  },
                  {
                    "productId": "20080489001_EA",
                    "productImage": [
                      {
                        "imageUrl": "https://assets.shop.loblaws.ca/products/20080489001/b2/en/front/20080489001_front_a06_@2.png",
                        "smallUrl": "https://assets.shop.loblaws.ca/products/20080489001/b1/en/front/20080489001_front_a01_@2.png",
                        "mediumUrl": "https://assets.shop.loblaws.ca/products/20080489001/b3/en/front/20080489001_front_a06_@2.png",
                        "largeUrl": "https://assets.shop.loblaws.ca/products/20080489001/b2/en/front/20080489001_front_a06_@2.png",
                        "smallRetinaUrl": "https://assets.shop.loblaws.ca/products/20080489001/b1/en/front/20080489001_front_a01_@2.png",
                        "mediumRetinaUrl": "https://assets.shop.loblaws.ca/products/20080489001/b3/en/front/20080489001_front_a06_@2.png",
                        "largeRetinaUrl": "https://assets.shop.loblaws.ca/products/20080489001/b2/en/front/20080489001_front_a06_@2.png"
                      }
                    ],
                    "brand": null,
                    "title": "Organic English Cucumber",
                    "description": "English (or hothouse) cucumbers are cylindrical green-skinned fruit with a crisp white flesh and edible seeds. English cucumbers are typically enjoyed raw and can be peeled or eaten with the skin on. Add sliced cucumber to your next vegetable platter or toss with mint and lemon juice for a refreshing salad.",
                    "packageSizing": "1 ea, $2.99/1ea",
                    "pricing": {
                      "price": "2.99",
                      "wasPrice": null,
                      "displayPrice": "$2.99",
                      "memberOnlyPrice": null,
                      "mopDisplayPrice": null
                    },
                    "pricingUnits": {
                      "type": "SOLD_BY_EACH",
                      "unit": "ea",
                      "interval": 1,
                      "minOrderQuantity": 1,
                      "maxOrderQuantity": 25,
                      "weighted": false
                    },
                    "deal": null,
                    "mopDeal": null,
                    "pcoDeal": null,
                    "inventoryIndicator": null,
                    "offerType": "OG",
                    "offerId": "OG",
                    "action": null,
                    "isVariant": false,
                    "link": "/organic-english-cucumber/p/20080489001_EA",
                    "productVendor": null,
                    "productVariant": null,
                    "textBadge": "",
                    "variantTheme": null,
                    "articleNumber": "20080489001",
                    "uom": "EA",
                    "sponsoredCreative": null,
                    "isSponsored": false,
                    "isComplementarySponsored": false,
                    "complementarySponsoredBadgeText": null,
                    "productBadge": null
                  },
                  {
                    "productId": "20887498001_EA",
                    "productImage": [
                      {
                        "imageUrl": "https://assets.shop.loblaws.ca/products/20887498001/b2/en/front/20887498001_front_a06_@2.png",
                        "smallUrl": "https://assets.shop.loblaws.ca/products/20887498001/b1/en/front/20887498001_front_a01_@2.png",
                        "mediumUrl": "https://assets.shop.loblaws.ca/products/20887498001/b3/en/front/20887498001_front_a06_@2.png",
                        "largeUrl": "https://assets.shop.loblaws.ca/products/20887498001/b2/en/front/20887498001_front_a06_@2.png",
                        "smallRetinaUrl": "https://assets.shop.loblaws.ca/products/20887498001/b1/en/front/20887498001_front_a01_@2.png",
                        "mediumRetinaUrl": "https://assets.shop.loblaws.ca/products/20887498001/b3/en/front/20887498001_front_a06_@2.png",
                        "largeRetinaUrl": "https://assets.shop.loblaws.ca/products/20887498001/b2/en/front/20887498001_front_a06_@2.png"
                      },
                      {
                        "imageUrl": "https://assets.shop.loblaws.ca/products/20887498001/b2/en/angle/20887498001_angle_a06_@2.png",
                        "smallUrl": "https://assets.shop.loblaws.ca/products/20887498001/b1/en/angle/20887498001_angle_a01_@2.png",
                        "mediumUrl": "https://assets.shop.loblaws.ca/products/20887498001/b3/en/angle/20887498001_angle_a06_@2.png",
                        "largeUrl": "https://assets.shop.loblaws.ca/products/20887498001/b2/en/angle/20887498001_angle_a06_@2.png",
                        "smallRetinaUrl": "https://assets.shop.loblaws.ca/products/20887498001/b1/en/angle/20887498001_angle_a01_@2.png",
                        "mediumRetinaUrl": "https://assets.shop.loblaws.ca/products/20887498001/b3/en/angle/20887498001_angle_a06_@2.png",
                        "largeRetinaUrl": "https://assets.shop.loblaws.ca/products/20887498001/b2/en/angle/20887498001_angle_a06_@2.png"
                      }
                    ],
                    "brand": "Farmer's Market",
                    "title": "Roma Tomatoes",
                    "description": "Roma (or plum) tomatoes are egg-shaped and narrow with a thick red skin and meaty texture. Because they have few seeds and a sweet flavour, Roma tomatoes are a popular choice for making tomato paste and sauce. They can also be used raw in salads or roasted for lasagna and pasta.",
                    "packageSizing": "1 ea, $0.59/100g",
                    "pricing": {
                      "price": "7.99",
                      "wasPrice": null,
                      "displayPrice": "$7.99",
                      "memberOnlyPrice": null,
                      "mopDisplayPrice": null
                    },
                    "pricingUnits": {
                      "type": "SOLD_BY_EACH",
                      "unit": "ea",
                      "interval": 1,
                      "minOrderQuantity": 1,
                      "maxOrderQuantity": 25,
                      "weighted": false
                    },
                    "deal": null,
                    "mopDeal": null,
                    "pcoDeal": null,
                    "inventoryIndicator": {
                      "indicatorId": "OUT",
                      "text": "Out of Stock"
                    },
                    "offerType": "OG",
                    "offerId": "OG",
                    "action": null,
                    "isVariant": false,
                    "link": "/roma-tomatoes/p/20887498001_EA",
                    "productVendor": null,
                    "productVariant": null,
                    "textBadge": "out-of-stock",
                    "variantTheme": null,
                    "articleNumber": "20887498001",
                    "uom": "EA",
                    "sponsoredCreative": null,
                    "isSponsored": false,
                    "isComplementarySponsored": false,
                    "complementarySponsoredBadgeText": null,
                    "productBadge": null
                  },
                  {
                    "productId": "20214929001_EA",
                    "productImage": [
                      {
                        "imageUrl": "https://assets.shop.loblaws.ca/products/20214929001/b2/en/front/20214929001_front_a06_@2.png",
                        "smallUrl": "https://assets.shop.loblaws.ca/products/20214929001/b1/en/front/20214929001_front_a01_@2.png",
                        "mediumUrl": "https://assets.shop.loblaws.ca/products/20214929001/b3/en/front/20214929001_front_a06_@2.png",
                        "largeUrl": "https://assets.shop.loblaws.ca/products/20214929001/b2/en/front/20214929001_front_a06_@2.png",
                        "smallRetinaUrl": "https://assets.shop.loblaws.ca/products/20214929001/b1/en/front/20214929001_front_a01_@2.png",
                        "mediumRetinaUrl": "https://assets.shop.loblaws.ca/products/20214929001/b3/en/front/20214929001_front_a06_@2.png",
                        "largeRetinaUrl": "https://assets.shop.loblaws.ca/products/20214929001/b2/en/front/20214929001_front_a06_@2.png"
                      }
                    ],
                    "brand": "Farmer's Market",
                    "title": "Corn on the Cob, Package of 5",
                    "description": "Bi-colour corn has plump yellow and white kernels in tightly-spaced rows. Corn is covered with a thin layer of golden silk that should be removed prior to cooking. Cook corn and cut the kernels off the cob for salsa, salad, or chili, or boil and serve with butter for classic corn on the cob.",
                    "packageSizing": "1 ea, $5.49/1ea",
                    "pricing": {
                      "price": "5.49",
                      "wasPrice": null,
                      "displayPrice": "$5.49",
                      "memberOnlyPrice": null,
                      "mopDisplayPrice": null
                    },
                    "pricingUnits": {
                      "type": "SOLD_BY_EACH",
                      "unit": "ea",
                      "interval": 1,
                      "minOrderQuantity": 1,
                      "maxOrderQuantity": 25,
                      "weighted": false
                    },
                    "deal": null,
                    "mopDeal": null,
                    "pcoDeal": null,
                    "inventoryIndicator": null,
                    "offerType": "OG",
                    "offerId": "OG",
                    "action": null,
                    "isVariant": false,
                    "link": "/corn-on-the-cob-package-of-5/p/20214929001_EA",
                    "productVendor": null,
                    "productVariant": null,
                    "textBadge": "",
                    "variantTheme": null,
                    "articleNumber": "20214929001",
                    "uom": "EA",
                    "sponsoredCreative": null,
                    "isSponsored": false,
                    "isComplementarySponsored": false,
                    "complementarySponsoredBadgeText": null,
                    "productBadge": null
                  },
                  {
                    "productId": "20639082001_EA",
                    "productImage": [
                      {
                        "imageUrl": "https://assets.shop.loblaws.ca/products/20639082001/b2/en/front/20639082001_front_a06_@2.png",
                        "smallUrl": "https://assets.shop.loblaws.ca/products/20639082001/b1/en/front/20639082001_front_a01_@2.png",
                        "mediumUrl": "https://assets.shop.loblaws.ca/products/20639082001/b3/en/front/20639082001_front_a06_@2.png",
                        "largeUrl": "https://assets.shop.loblaws.ca/products/20639082001/b2/en/front/20639082001_front_a06_@2.png",
                        "smallRetinaUrl": "https://assets.shop.loblaws.ca/products/20639082001/b1/en/front/20639082001_front_a01_@2.png",
                        "mediumRetinaUrl": "https://assets.shop.loblaws.ca/products/20639082001/b3/en/front/20639082001_front_a06_@2.png",
                        "largeRetinaUrl": "https://assets.shop.loblaws.ca/products/20639082001/b2/en/front/20639082001_front_a06_@2.png"
                      }
                    ],
                    "brand": "PC Organics",
                    "title": "Organic Sweet Potatoes 3lb Bag",
                    "description": "Source of fibre. Excellent source of Vitamin A",
                    "packageSizing": "3 lb bag, $0.59/100g",
                    "pricing": {
                      "price": "7.99",
                      "wasPrice": null,
                      "displayPrice": "$7.99",
                      "memberOnlyPrice": null,
                      "mopDisplayPrice": null
                    },
                    "pricingUnits": {
                      "type": "SOLD_BY_EACH",
                      "unit": "ea",
                      "interval": 1,
                      "minOrderQuantity": 1,
                      "maxOrderQuantity": 25,
                      "weighted": false
                    },
                    "deal": null,
                    "mopDeal": null,
                    "pcoDeal": null,
                    "inventoryIndicator": null,
                    "offerType": "OG",
                    "offerId": "OG",
                    "action": null,
                    "isVariant": false,
                    "link": "/organic-sweet-potatoes-3lb-bag/p/20639082001_EA",
                    "productVendor": null,
                    "productVariant": null,
                    "textBadge": "",
                    "variantTheme": null,
                    "articleNumber": "20639082001",
                    "uom": "EA",
                    "sponsoredCreative": null,
                    "isSponsored": false,
                    "isComplementarySponsored": false,
                    "complementarySponsoredBadgeText": null,
                    "productBadge": null
                  },
                  {
                    "productId": "20171853001_KG",
                    "productImage": [
                      {
                        "imageUrl": "https://assets.shop.loblaws.ca/products/20171853001/b2/en/front/20171853001_front_a06_@2.png",
                        "smallUrl": "https://assets.shop.loblaws.ca/products/20171853001/b1/en/front/20171853001_front_a01_@2.png",
                        "mediumUrl": "https://assets.shop.loblaws.ca/products/20171853001/b3/en/front/20171853001_front_a06_@2.png",
                        "largeUrl": "https://assets.shop.loblaws.ca/products/20171853001/b2/en/front/20171853001_front_a06_@2.png",
                        "smallRetinaUrl": "https://assets.shop.loblaws.ca/products/20171853001/b1/en/front/20171853001_front_a01_@2.png",
                        "mediumRetinaUrl": "https://assets.shop.loblaws.ca/products/20171853001/b3/en/front/20171853001_front_a06_@2.png",
                        "largeRetinaUrl": "https://assets.shop.loblaws.ca/products/20171853001/b2/en/front/20171853001_front_a06_@2.png"
                      }
                    ],
                    "brand": null,
                    "title": "Yu Choy Sum",
                    "description": "Yu choy sum is a relative of bok choy. It has yellowish-green stems and bright green leaves that sometimes have tiny edible yellow flowers. Yu choy sum has a similar flavour to spinach and broccoli and can be added to soups and stir-fries.",
                    "packageSizing": "$5.49/1kg $2.49/1lb",
                    "pricing": {
                      "price": "3.68",
                      "wasPrice": null,
                      "displayPrice": "about $3.68",
                      "memberOnlyPrice": null,
                      "mopDisplayPrice": null
                    },
                    "pricingUnits": {
                      "type": "SOLD_BY_EACH_PRICED_BY_WEIGHT",
                      "unit": "ea",
                      "interval": 1,
                      "minOrderQuantity": 1,
                      "maxOrderQuantity": 25,
                      "weighted": false
                    },
                    "deal": null,
                    "mopDeal": null,
                    "pcoDeal": null,
                    "inventoryIndicator": {
                      "indicatorId": "OUT",
                      "text": "Out of Stock"
                    },
                    "offerType": "OG",
                    "offerId": "OG",
                    "action": null,
                    "isVariant": false,
                    "link": "/yu-choy-sum/p/20171853001_KG",
                    "productVendor": null,
                    "productVariant": null,
                    "textBadge": "out-of-stock",
                    "variantTheme": null,
                    "articleNumber": "20171853001",
                    "uom": "KG",
                    "sponsoredCreative": null,
                    "isSponsored": false,
                    "isComplementarySponsored": false,
                    "complementarySponsoredBadgeText": null,
                    "productBadge": null
                  }
                ]
              }
            }
          }
        ]
      }
    }
  },
  "viewMetaData": {
    "headline": "Fresh Vegetables - Shop for Fruits & Vegetables Products Online | loblaw",
    "description": "Browse products in Fresh Vegetables on loblaw near you. Schedule Delivery or Pickups Online. Subject to Availability.",
    "addMetaNoRobots": false,
    "canonicalUrlSlug": "/food/fruits-vegetables/fresh-vegetables/c/28195",
    "jsonLd": null
  },
  "theme": {
    "name": "pcx-web-pcx",
    "version": "latest",
    "env": "production"
  }
}